2673 3925
354 252 442 315 34
974 251 1032 306 P.
1056 250 1354 311 VERGILI
1390 252 1648 309 MARON
1652 252 1716 307 IS

440 395 715 460 Possum
760 395 964 459 multa
1006 395 1130 459 tibi
1175 400 1463 459 veterum
1506 401 1849 479 praecepta
1892 395 2155 482 referre,

353 485 422 548 ni
466 483 709 569 refugis
756 488 1106 567 tenuesque
1150 483 1331 568 piget
1378 503 1764 567 cognoscere
1811 506 2012 549 curas.

356 594 503 636 area
549 594 694 636 cum
739 572 964 657 primis
1008 571 1260 656 ingenti
1306 571 1637 654 aequanda
1683 571 1969 654 cylindro

355 666 420 723 et
463 660 769 724 vertenda
812 682 1006 723 manu
1052 664 1118 724 et
1164 663 1339 723 creta
1385 659 1715 724 solidanda
1758 660 1997 744 tenaci,

352 769 434 812 ne
481 748 753 812 subeant
797 747 1032 812 herbae
1077 768 1203 812 neu
1247 747 1509 831 pulvere
1554 747 1728 815 victa
1770 748 2059 832 fatiscat,
2366 767 2468 815 180

355 841 496 899 tum
539 836 751 900 variae
797 835 1093 899 inludant
1137 839 1382 919 pestes:
1429 857 1616 919 saepe
1664 836 1932 921 exiguus
1980 859 2124 901 mus

356 924 473 987 sub
521 923 708 987 terris
754 923 1096 1023 posuitque
1144 923 1369 987 domos
1417 927 1608 1007 atque
1652 923 1884 988 horrea
1928 925 2112 1008 fecit,

356 1015 469 1074 aut
516 1011 716 1075 oculis
765 1011 936 1095 capti
983 1012 1199 1076 fodere
1249 1011 1488 1076 cubilia
1532 1011 1775 1096 talpae,

354 1099 777 1182 inventusque
824 1099 995 1163 cavis
1042 1099 1198 1163 bufo
1247 1106 1312 1164 et
1358 1121 1519 1183 quae
1564 1100 1844 1190 plurima
1889 1104 2098 1163 terrae

356 1190 644 1251 monstra
688 1186 929 1271 ferunt,
971 1187 1366 1288 populatque
1410 1181 1740 1272 ingentem
1785 1187 1973 1251 farris
2022 1209 2322 1253 acervum
2364 1206 2465 1255 185

357 1275 637 1339 curculio
685 1280 875 1359 atque
918 1275 1098 1360 inopi
1144 1282 1436 1340 metuens
1481 1275 1753 1340 formica
1797 1280 2106 1340 senectae.

444 1360 931 1447 Contemplator
974 1364 1158 1447 item,
1204 1386 1351 1427 cum
1397 1385 1464 1427 se
1508 1386 1640 1427 nux
1683 1363 1964 1448 plurima
2008 1364 2186 1429 silvis

355 1451 578 1514 induet
621 1451 691 1514 in
734 1452 959 1516 florem
1001 1456 1066 1516 et
1109 1473 1323 1515 ramos
1372 1451 1666 1515 curvabit
1713 1452 1974 1515 olentes

359 1538 414 1602 si
459 1543 764 1622 superant
808 1540 979 1602 fetus
991 1591 1007 1623 ,
1050 1539 1293 1622 pariter
1336 1539 1662 1603 frumenta
1706 1545 2080 1624 sequentur,

357 1648 715 1727 magnaque
762 1650 907 1691 cum
953 1648 1188 1712 magno
1234 1627 1447 1692 veniet
1492 1627 1727 1691 tritura
1772 1626 2013 1713 calore3
2363 1647 2463 1694 190

359 1719 426 1778 at
473 1715 528 1779 si
573 1715 827 1779 luxuria
871 1715 1177 1780 foliorum
1220 1716 1528 1780 exuberat
1572 1716 1828 1799 umbra,

355 1803 745 1887 nequiquam
789 1803 1061 1888 pingues
1108 1804 1293 1887 palea
1338 1807 1502 1867 teret
1548 1825 1695 1867 area
1740 1802 2002 1868 culmos

359 1891 602 1956 semina
645 1891 775 1955 vidi
823 1891 1116 1991 equidem
1160 1892 1398 1955 multos
1447 1891 1758 1955 medicare
1807 1914 1908 1954 ser
1911 1897 2088 1957 entes

359 1985 422 2044 et
466 1980 638 2044 nitro
684 1980 863 2064 prius
911 1985 975 2056 et
1017 1979 1206 2063 nigra
1248 1980 1627 2063 perfundere
1674 2002 1969 2065 amurga,
2183 1985 2188 1989 ’

360 2068 661 2152 grandior
705 2073 780 2132 ut
824 2068 994 2130 fetus
1042 2067 1291 2149 siliquis
1338 2066 1634 2132 felicibus
1682 2073 1879 2150 esset,
2359 2087 2461 2135 195

359 2160 422 2219 et
433 2155 785 2239 ,quamvis
831 2154 969 2238 igni
1016 2154 1275 2238 exiguo,
1320 2158 1663 2238 properata
1709 2156 2053 2220 maderent.

361 2208 487 2306 vidi
531 2243 701 2307 lecta
745 2243 854 2306 diu
900 2246 965 2306 et
1010 2241 1215 2306 multo
1263 2247 1554 2341 spectata
1597 2241 1818 2308 labore

359 2331 740 2416 degenerare
785 2335 1028 2414 tamen,
1070 2330 1197 2394 nisi
1242 2329 1339 2393 vis
1384 2329 1667 2394 humana
1713 2332 2054 2414 quotannis

358 2419 637 2483 maxima
682 2440 969 2502 quaeque
1016 2441 1210 2481 manu
1253 2417 1525 2503 legeret3
1571 2418 1663 2482 sic
1712 2419 1927 2483 omnia
1970 2419 2123 2483 fatis

356 2507 424 2569 in
468 2507 648 2590 peius
695 2529 877 2571 111010
925 2530 997 2571 ac
1042 2512 1216 2571 retro
1265 2508 1570 2592 sublapsa
1613 2506 1863 2592 referri3
2357 2525 2460 2573 200

355 2616 488 2657 non
534 2594 749 2677 aliter,
796 2616 989 2678 quam
1036 2595 1146 2694 qui
1192 2595 1457 2659 adverso
1504 2595 1610 2658 vix
1656 2596 1915 2659 flumine
1960 2595 2247 2660 lembum
2327 2659 2332 2664 ,

357 2682 646 2767 remigiis
697 2682 968 2766 subigit,
1014 2682 1069 2746 si
1116 2683 1416 2747 bracchia
1460 2683 1627 2748 forte
1674 2683 1949 2766 remisit,

359 2775 550 2853 atque
596 2770 781 2834 illum
825 2770 895 2832 in
938 2791 1242 2855 praeceps
1286 2792 1491 2855 prono
1538 2771 1709 2855 rapit
1756 2770 1971 2835 alveus
2020 2772 2210 2835 amni.

443 2857 783 2922 Praeterea
829 2862 964 2920 tam
1011 2864 1161 2921 sunt
1207 2859 1445 2923 arcturi
1493 2859 1702 2923 sidera
1744 2859 1931 2923 nobis

354 2946 830 3028 haedorumque
877 2945 1010 3009 dies
1057 2947 1350 3010 serzandi
1395 2952 1461 3012 et
1503 2947 1751 3028 lucidus
1799 2947 2055 3032 anguis,
2358 2964 2459 3011 205

358 3055 550 3116 quam
598 3033 829 3118 quibus
874 3033 944 3097 in
988 3034 1267 3117 patriam
1310 3041 1581 3100 ventosa
1624 3057 1738 3119 per
1783 3056 2063 3118 aequora
2107 3036 2307 3100 vectis

355 3120 602 3185 Pontus
648 3126 714 3186 et
761 3122 1042 3186 ostriferi
1088 3123 1305 3187 fauces
1352 3129 1751 3207 temptantur
1796 3122 2026 3206 Abydi.

355 3209 524 3273 libra
568 3209 668 3273 die
716 3210 1050 3294 somnique
1095 3233 1281 3295 pares
1327 3211 1440 3275 ubi
1485 3211 1710 3283 fecerit
1754 3211 1948 3275 horas

357 3303 421 3362 et
466 3298 748 3364 medium
792 3299 921 3363 luci
968 3304 1160 3383 atque
1207 3299 1451 3363 umbris
1496 3298 1627 3361 iam
1672 3297 1900 3362 dividit
1948 3300 2194 3383 orbem,

356 3392 672 3471 exercete,
717 3386 868 3471 viri,
912 3393 1161 3471 taurOS,
1208 3387 1397 3450 serite
1442 3386 1681 3449 hordea
1728 3387 2000 3471 campis,
2358 3403 2460 3451 210

355 3496 556 3558 usque
605 3439 724 3540 slib
773 3481 1130 3539 extremum
1176 3474 1439 3536 brumae
1485 3473 1916 3537 intractabilis
1960 3474 2262 3558 imbrem3

351 3585 470 3628 nec
516 3586 647 3627 non
693 3569 758 3628 et
801 3563 919 3627 lini
967 3568 1249 3646 segetem
1295 3565 1362 3626 et
1408 3557 1665 3624 Cereale
1710 3583 1989 3644 papaver
