2673 3925
1115 270 1486 327 BUCOLICA.
2229 272 2309 326 IX

995 505 1610 582 BUCOLICA.

442 640 559 698 Ecl.
596 640 623 695 1
659 647 725 696 12
775 642 1120 715 turbatur]
1172 659 1344 711 quam
1392 641 1691 697 lectionem
1741 643 1947 713 probat
1991 642 2209 699 Servius
2256 646 2314 697 et

300 728 590 784 confirmat
621 729 1004 800 Quintilicmus
1040 732 1195 801 (Inst.
1223 731 1250 784 I
1276 736 1327 800 4,
1354 735 1460 802 28),
1500 734 1588 785 est
1612 731 1674 785 in
1700 731 1924 803 b211,*)
1962 731 2315 785 turbamur

300 818 346 872 P
363 818 415 871 R
431 818 527 872 b1.
558 849 625 859 —
656 824 740 874 17.
778 819 943 872 quta
968 818 1117 873 hunc
1143 836 1366 874 versum
1394 822 1481 873 est
1507 819 1567 872 in
1593 823 1655 874 H
1674 837 1846 874 manu
1875 821 2055 874 altera
2081 819 2143 873 in
2166 836 2312 872 mar-

301 905 430 976 gine
448 905 756 960 minoribus
774 906 982 961 litteris
1008 907 1236 962 additus
1255 925 1447 962 versus
1480 908 1580 964 ecl.
1600 908 1678 962 IX
1699 913 1764 962 15
1795 925 1998 979 saepe
2027 907 2313 962 sinistra

300 1011 464 1048 cava
515 995 866 1064 praedixit
916 996 997 1051 ab
1048 996 1211 1051 ilice
1264 996 1513 1052 cornix.
1553 1028 1621 1038 —
1671 1003 1896 1052 20—22.
1938 996 2311 1068 depellere]

300 1085 635 1139 deducere
680 1075 1655 1156 HofmanePeerlkamp3**)‘idem
1697 1102 1770 1140 ne
1813 1086 2046 1140 verbum
2092 1085 2313 1140 solere

296 1172 359 1227 in
395 1172 641 1241 quinque
675 1172 930 1228 versibus
960 1177 1213 1243 (20-25)
1251 1177 1339 1227 ter
1374 1173 1614 1243 legatur,
1650 1191 1703 1229 v.
1724 1178 1791 1227 25
1819 1173 1936 1244 legi
1961 1174 2085 1228 vult
2118 1173 2314 1226 lenta

299 1261 484 1316 inter
521 1261 788 1316 solidae
827 1261 1116 1316 viburna
1150 1279 1251 1332 pro
1287 1262 1480 1316 lenta
1528 1261 1754 1316 solent
1789 1261 1972 1316 inter
2007 1261 2312 1315 viburna.

299 1381 368 1392 -
406 1355 632 1405 27—29.
669 1350 776 1404 Pro
813 1353 1040 1405 tamen
1077 1350 1317 1405 coniecit
1353 1349 1627 1419 quidem
1662 1350 1870 1406 Peerlk.
1910 1352 1968 1404 et
2001 1367 2054 1405 v.
2084 1355 2151 1403 29
2182 1352 2313 1403 ante

297 1457 348 1492 v.
389 1443 457 1492 28
502 1437 717 1507 posuit,
763 1455 864 1508 pro
894 1446 1184 1510 postquam
1219 1438 1365 1508 legit
1402 1455 1545 1492 cum
1580 1437 1729 1493 iam.
1771 1469 1838 1479 —
1878 1445 1946 1493 30
1985 1441 2043 1492 et
2079 1441 2146 1492 35
2185 1455 2313 1507 spu-

297 1524 410 1579 rios
457 1524 745 1580 existimat
789 1526 994 1581 Peerlk.
1042 1557 1110 1567 —-
1155 1532 1224 1580 42
1270 1525 1491 1599 illum]
1539 1525 1856 1580 meritum
1892 1526 2099 1581 Peerlk.
2139 1556 2207 1566 —
2244 1531 2314 1580 43

298 1613 583 1686 fumant]
631 1613 890 1667 fument
925 1615 1129 1669 Peerlk.
1171 1614 1415 1684 (‘infelix
1462 1613 1805 1668 coniectura’
1851 1615 2158 1685 Forbiyer).
2231 1613 2315 1668 De

296 1720 349 1759 v.
387 1708 456 1756 42
505 1705 564 1756 et
598 1708 667 1757 43
715 1702 783 1757 cf.
826 1703 880 1758 0.
920 1703 1157 1774 Schaper
1201 1703 1393 1772 Progr.
1432 1720 1620 1771 gymn.
1657 1702 1820 1758 Posn.
1864 1709 2000 1758 1872
2045 1720 2099 1771 p.
2141 1708 2317 1756 7—15

300 1794 358 1845 et
396 1790 621 1855 Quaest.
660 1789 871 1858 Vergil.
900 1807 955 1859 p.
986 1794 1142 1844 5-7,
1182 1820 1249 1830 -
1285 1794 1355 1843 45
1392 1790 1654 1861 tauros]
1693 1788 1915 1843 tauris
1953 1791 2177 1857 Peerlk„
2217 1792 2316 1844 sed

309 1880 552 1948 Way‘ner
595 1880 745 1931 recte
795 1894 920 1930 cum
957 1876 1142 1932 Servio
1181 1875 1428 1945 explicat
1466 1877 1680 1930 ‘tauros
1720 1876 2035 1930 submittite
2069 1876 2203 1946 iugo
2242 1879 2317 1932 ad

302 1967 616 2021 arandum.’
658 1996 727 2007 —
765 1970 849 2020 53.
888 1966 1065 2019 Locus
1104 1964 1496 2033 difficillimus,
1543 1964 1698 2018 haud
1735 1964 1848 2020 scio
1888 1982 1962 2018 an
1997 1970 2320 2036 corruptus;

298 2072 400 2126 pro
450 2053 607 2107 hinc
657 2052 815 2121 tibi,
869 2069 1038 2121 quae
1090 2070 1353 2122 semper
1399 2052 1626 2108 vicino
1675 2053 1756 2108 ab
1801 2052 2027 2108 limite
2075 2071 2320 2125 saepes

300 2145 506 2199 Peerlk.
561 2141 623 2196 in
676 2157 812 2196 voce
864 2157 1126 2211 semper
1180 2141 1465 2196 offendens
1520 2141 1810 2211 ingeniose
1868 2141 2106 2197 coniecit
2159 2142 2316 2197 hinc

298 2232 434 2288 tibi
486 2247 702 2301 aquae
755 2229 1057 2299 strepitu
1109 2232 1175 2284 et
1223 2229 1452 2285 vicino
1506 2231 1588 2284 ab
1642 2229 1866 2284 limite
1913 2247 2177 2299 saepes3
2218 2233 2318 2285 sed

302 2337 566 2390 semper
608 2318 966 2374 retinendum
1012 2321 1123 2386 est,
1171 2318 1240 2373 cf.
1281 2318 1381 2373 ecl.
1420 2318 1498 2372 VI
1537 2323 1603 2371 15
1640 2317 1990 2387 inflatum,
2037 2322 2111 2373 ut
2149 2335 2317 2373 sem-

297 2427 438 2480 per,
477 2409 736 2463 Iaccbo,
777 2439 845 2449 —
882 2412 949 2461 59
989 2408 1306 2478 aequore]
1348 2406 1630 2460 aethere
1668 2405 1792 2475 alii,
1841 2407 1909 2461 cf.
1952 2408 2222 2477 Forbiqer
2260 2410 2321 2462 et

299 2500 460 2555 Ribb.
500 2514 550 2552 a.
588 2496 644 2551 h.
682 2495 718 2551 l.
766 2526 835 2537 —
883 2500 1108 2549 64—66.
1145 2494 1282 2548 Post
1316 2511 1436 2549 nos
1474 2498 1533 2549 et
1566 2494 1936 2549 Britannos
1975 2494 2196 2563 signum
2233 2494 2318 2548 in-

298 2583 696 2655 terrogationis
733 2582 925 2653 posuit
961 2583 1168 2637 Peerlk.
1208 2612 1275 2622 -—
1315 2586 1399 2636 65.
1439 2583 1647 2653 certe]
1692 2582 1746 2637 G.
1786 2582 2048 2653 Schaper,
2087 2572 2317 2637 cretae

299 2676 589 2743 Ladewiq,
633 2673 828 2739 Ribb„
863 2672 1093 2742 Kappes
1140 2670 1272 2740 (Eos
1310 2671 1338 2723 I
1373 2688 1427 2739 p.
1469 2676 1570 2724 152
1593 2674 1763 2740 sqq.),
1813 2670 2011 2725 Cretae
2058 2672 2317 2742 Wagner,

300 2764 516 2832 Haupt.
556 2791 623 2802 —
662 2761 745 2814 ad
784 2759 1013 2831 Oxum]
1052 2759 1542 2829 Ladew.-Schap.‚
1584 2759 1834 2828 Oaxen,
1889 2760 2039 2828 quod
2091 2759 2315 2813 omnino

299 2849 544 2904 fluminis
594 2864 798 2903 nomen
845 2846 1069 2901 videtur
1118 2863 1230 2901 non
1279 2863 1427 2914 esse,
1478 2848 1669 2914 Raab„
1716 2847 1942 2917 Waqn„
1992 2847 2207 2917 Haupt.
2249 2879 2314 2888 -

302 2945 368 2993 69
406 2939 563 3007 post
591 2979 604 2991 .
636 2977 648 2990 .
680 2977 692 2989 .
724 2931 1004 3005 aristas]
1031 2949 1452 3003 pascuaque,
1492 2936 1582 3001 et,
1620 2949 1766 2986 mea
1802 2950 2011 3003 regna
2047 2934 2317 3004 videns,

299 3025 599 3079 mirabor
636 3021 926 3076 aristas?
961 3023 1169 3077 Peerlk.
1206 3021 1366 3074 nulla
1401 3019 1554 3074 iusta
1593 3037 1778 3076 causa.
1817 3052 1884 3062 -—
1924 3028 1990 3076 72
2027 3022 2132 3076 his
2170 3025 2316 3094 nos]

298 3114 359 3182 P,
401 3130 480 3167 en
517 3110 668 3180 quis
707 3125 756 3167 ς.
795 3140 862 3151 —
902 3116 968 3163 79
1006 3110 1178 3164 hanc
1206 3141 1273 3150 —
1304 3109 1596 3180 noctem]
1634 3107 1847 3162 hac—
1875 3114 2074 3164 nocte
2103 3114 2208 3169 Πς.
2248 3142 2315 3152 -

440 3200 557 3255 Ecl.
586 3199 640 3252 II
670 3204 736 3252 12
773 3200 1052 3270 mecum]
1090 3214 1188 3252 me
1225 3215 1371 3252 cum
1408 3198 1642 3268 Bentley
1670 3195 1761 3266 (cf.
1781 3195 1978 3253 Rhein.
1999 3198 2141 3254 Mus.
2165 3199 2233 3255 N.
2254 3201 2312 3254 F.

476 3396 525 3465 *)
561 3392 867 3449 Brevitatis
931 3409 1103 3447 causa
1166 3393 1366 3447 eadem
1429 3391 1684 3445 codicum
1739 3389 2150 3459 significatione
2205 3411 2320 3462 qua

305 3464 368 3520 O.
396 3464 702 3520 Ribbeck
736 3464 825 3517 usi
861 3481 1067 3531 sumus,
1105 3462 1298 3517 littera
1336 3479 1371 3521 ς
1408 3462 1626 3517 codices
1665 3460 1969 3515 deteriores
2005 3464 2098 3517 vel
2125 3480 2316 3518 omnes

184 3544 189 3548 ’
298 3535 393 3590 vel
429 3536 724 3589 nonnullos
763 3533 1218 3603 significavimus.
1260 3564 1328 3575 -

443 3606 520 3676 u)
558 3606 637 3661 cf,
676 3607 1105 3674 Mnemosyne
1141 3605 1193 3658 X
1229 3623 1283 3675 p.
1324 3610 1498 3672 2sqq.
1537 3633 1606 3644 ’-
