2673 3925
972 232 1388 289 GEoRfflcox
1422 235 1556 289 LIB.
1597 234 1660 290 11.
2224 238 2310 300 49

306 381 374 442 et
418 398 683 441 nemora
729 378 961 442 evertit
1004 378 1242 441 multos
1286 378 1525 462 ignava
1567 400 1682 462 per
1728 400 1961 462 annoS,

309 466 734 548 antiquasque
780 466 1004 529 domos
1054 466 1267 530 avium
1314 488 1460 529 cum
1506 466 1816 549 stirpibus
1862 466 2010 531 imis

307 553 501 637 eruit3
546 553 695 617 illae
743 554 945 617 altum
989 554 1156 616 nidis
1202 554 1444 637 petiere
1490 554 1758 639 relictis3
2311 573 2414 621 210

307 646 375 706 at
419 641 595 705 rudis
643 641 875 705 enituit
919 641 1196 725 impulso
1243 662 1499 705 vomere
1545 664 1824 726 campus

307 752 456 793 nam
501 729 717 793 ieiuna
763 729 1016 812 quidem
1064 728 1288 793 clivosi
1336 729 1553 813 glarea
1598 731 1762 793 ruris

306 817 413 881 vix
457 817 733 881 humiles
782 817 1010 901 apibus
1059 818 1263 881 casias
1310 839 1646 900 roremque
1691 817 2043 903 ministrat3

308 910 373 969 et
417 905 656 989 tophus
703 906 927 968 scaber
973 908 1038 968 et
1083 905 1287 990 nigris
1336 926 1523 969 exesa
1569 906 1885 990 chelydris

309 997 483 1057 creta
525 997 768 1078 negant
813 993 973 1057 alios
1022 1014 1221 1076 aeque
1270 993 1673 1076 serpentibus
1722 1016 1910 1079 agros
2309 1013 2409 1061 215

307 1081 555 1145 dulcem
598 1080 765 1145 ferre
813 1081 1027 1145 cibum
1073 1085 1139 1144 et
1184 1102 1410 1144 curvas
1456 1082 1760 1165 praebere
1805 1082 2102 1146 latebras.

308 1190 467 1251 quae
513 1172 772 1232 tenuem
819 1168 1076 1232 exhalat
1120 1168 1420 1232 nebulam
1466 1168 1803 1251 fumosque
1849 1170 2138 1235 volucres

308 1262 372 1320 et
416 1256 584 1320 bibit
629 1278 918 1320 umorem
965 1261 1055 1340 et,
1102 1278 1246 1321 cum
1291 1256 1459 1341 vult,
1505 1279 1581 1320 ex
1628 1279 1695 1321 se
1738 1257 1881 1341 ipsa
1925 1259 2226 1343 remittit,

308 1366 592 1428 quaeque
641 1366 756 1408 suo
805 1366 1054 1429 semper
1098 1344 1317 1408 viridis
1366 1367 1433 1408 se
1481 1345 1767 1428 gramine
1813 1346 2033 1431 vestit,

305 1453 422 1497 nec
468 1432 681 1496 scabie
729 1436 793 1496 et
840 1432 1009 1496 salsa
1053 1431 1249 1496 laedit
1295 1433 1588 1518 robigine
1634 1433 1900 1497 ferrum:
2307 1452 2408 1500 220

306 1520 419 1583 illa
461 1520 584 1583 tibi
628 1519 815 1584 laetis
861 1521 1107 1584 intexet
1151 1520 1394 1585 vitibus
1438 1520 1647 1584 ulmos
1659 1573 1676 1605 ‚

305 1608 419 1672 illa
462 1607 642 1672 ferax
689 1609 829 1672 oleo
877 1613 1003 1691 est,
1047 1608 1228 1671 illam
1275 1609 1595 1691 experiere
1644 1608 1909 1672 colendo

308 1700 372 1760 et
417 1696 671 1760 facilem
715 1696 931 1780 pecori
980 1700 1046 1759 et
1091 1695 1446 1778 patientem
1491 1695 1766 1759 vomeris
1815 1697 1978 1760 unci.

233 1817 236 1820 *
307 1783 503 1847 talem
550 1784 725 1847 dives
774 1788 914 1846 arat
961 1780 1181 1866 Capua
1225 1787 1291 1846 et
1335 1782 1549 1847 vicina
1591 1781 1882 1847 Vesaevo

309 1893 421 1936 ora
463 1872 617 1957 iugo
665 1875 730 1936 et
774 1870 990 1935 vacuis
1039 1869 1299 1934 Clanius
1345 1892 1478 1934 non
1523 1892 1760 1953 aequus
1806 1869 2083 1935 Acerris.
2304 1890 2403 1938 225

393 1959 582 2025 Nunc
629 1981 754 2043 quo
803 1982 1118 2043 quamque
1164 1959 1355 2023 modo
1403 1959 1612 2043 possis
1655 1980 2039 2059 cognoscere
2077 1958 2300 2024 dicam.

307 2071 451 2112 rara
497 2049 582 2113 sit
628 2070 709 2111 an
756 2070 948 2131 supra
993 2069 1237 2111 morem
1284 2047 1372 2112 sit
1418 2048 1614 2112 densa
1657 2047 1940 2130 requires
1986 2084 2069 2093 —

308 2135 509 2201 altera
553 2135 894 2200 frumentis
943 2135 1245 2235 quoniam
1290 2135 1492 2219 favet,
1539 2136 1742 2200 altera
1783 2134 2067 2220 Bacch0‚

308 2225 504 2289 densa
546 2224 753 2309 magis
801 2221 1045 2308 Cereri,
1090 2223 1421 2288 rarissima
1466 2245 1752 2307 quaeque
1796 2223 2011 2307 Lyaeo
2060 2260 2143 2271 —

309 2316 455 2375 ante
500 2312 714 2377 locum
761 2311 972 2396 capies
1021 2312 1222 2375 oculis
1270 2312 1523 2395 alteque
1568 2311 1821 2376 iubebis
2305 2331 2407 2379 230

306 2400 375 2463 in
421 2400 624 2464 solido
669 2404 934 2483 puteum
983 2399 1234 2463 demitti
1282 2421 1659 2482 omnemque
1705 2420 1973 2482 repones
2247 2406 2250 2409 ’

307 2510 528 2551 rursus
572 2487 840 2552 humum
887 2493 951 2551 et
995 2487 1263 2570 pedibus
1311 2508 1592 2550 summas
1641 2486 1943 2569 aequabis
1988 2486 2276 2551 harenas.

309 2575 365 2639 si
411 2576 704 2659 deerunt,
748 2597 964 2638 rarum
1008 2574 1349 2658 pecorique
1397 2579 1462 2638 et
1504 2574 1745 2638 vitibus
1793 2574 1977 2639 almis

308 2663 521 2747 aptius
567 2663 726 2727 uber
770 2663 919 2747 erit3
965 2663 1065 2726 sin
1106 2662 1177 2725 in
1223 2684 1341 2725 sua
1385 2684 1572 2746 posse
1615 2663 1947 2748 negabunt

306 2752 399 2814 ire
446 2750 587 2815 loca
632 2754 697 2814 et
743 2751 1076 2815 scrobibus
1123 2750 1453 2834 superabit
1497 2754 1667 2815 terra
1710 2751 1998 2835 repleti8‚
2306 2769 2406 2816 235

308 2838 555 2922 spissus
603 2859 781 2923 ager;
828 2839 1085 2924 glaebas
1134 2843 1507 2903 cunctantes
1555 2861 1892 2921 crassaque
1937 2843 2123 2923 terga

307 2928 611 3009 exspecta
655 2929 720 2988 et
763 2926 989 2990 validis
1036 2931 1274 2990 terram
1317 2926 1653 3010 proscinde
1697 2926 1998 2990 iuvencis

310 3014 480 3079 salsa
527 3017 741 3077 autem
786 3014 975 3078 tellus
1022 3019 1087 3078 et
1134 3036 1293 3097 quae
1339 3014 1712 3098 perhibetur
1758 3037 2000 3098 amara,

307 3101 603 3187 frugibus
650 3100 872 3164 infelix
918 3139 1002 3148 —
1049 3124 1124 3167 ea
1167 3124 1283 3166 nec
1329 3101 1719 3166 mansuescit
1766 3103 2002 3166 arando

307 3211 425 3254 nec
469 3189 724 3254 Baccho
773 3210 973 3274 genus
1020 3194 1132 3254 aut
1176 3189 1385 3273 pomis
1434 3213 1550 3254 sua
1591 3190 1855 3254 nomina
1900 3195 2111 3254 servat
2157 3225 2239 3236 --—
2305 3207 2407 3254 240

311 3277 438 3342 tale
486 3277 666 3342 dabit
714 3277 1059 3361 specimen:
1105 3282 1177 3341 tu
1224 3277 1433 3361 spisso
1480 3277 1715 3341 vimine
1763 3279 1986 3361 qualos

310 3365 575 3448 colaque
620 3365 946 3450 prelorum
989 3365 1260 3429 fumosis
1308 3365 1522 3449 deripe
1568 3366 1786 3451 tectis3

307 3453 434 3518 huc
480 3475 633 3538 ager
674 3454 784 3517 ille
829 3453 1035 3517 malus
1085 3453 1424 3535 dulcesque
1472 3476 1510 3517 a
1553 3452 1842 3518 fontibus
1888 3454 2094 3518 undae

312 3541 390 3604 ad
435 3542 694 3624 plenum
738 3541 1086 3626 calcentur3
1134 3563 1301 3624 aqua
1339 3540 1733 3605 eluctabitur
1780 3540 1986 3605 omnis

414 3654 690 3694 Vitumnus,
1956 3649 1989 3696 4
