2673 3925
378 203 463 266 26
803 204 863 258 Ρ.
886 202 1182 258 VERGILI
1218 201 1542 258 MARONIS
1579 199 1948 259 BUOOLICA.

387 370 443 432 a,
487 345 607 411 tibi
650 368 732 411 ne
776 350 1031 410 teneras
1078 346 1314 432 glacies
1362 351 1534 411 secet
1580 366 1805 430 aspera
1849 346 2128 430 plantas!

377 435 487 498 ibo
535 439 600 498 et
646 432 1010 499 Chalcidico
1058 456 1218 518 quae
1266 438 1417 499 sunt
1461 433 1620 498 mihi
1666 434 1926 499 condita
1968 455 2157 498 versu
2382 448 2455 498 50

379 522 664 588 carmina
706 523 987 606 pastoris
1035 520 1235 587 Siculi
1280 522 1660 587 modulabor
1704 543 1920 586 avena.

380 615 628 675 certum
671 615 771 676 est
814 611 885 674 in
930 611 1135 695 silvis,
1177 611 1350 675 inter
1396 610 1648 693 spelaea
1691 610 1971 674 ferarum

380 698 569 763 malle
614 699 753 782 pati
798 698 1161 782 tenerisque
1208 720 1386 762 meos
1430 698 1708 762 incidere
1753 719 2004 762 amores

381 786 751 852 arboribus:
798 790 1087 851 crescent
1129 786 1278 850 illae
1296 836 1309 863 ,
1357 786 1685 871 crescetis,
1732 807 1996 851 amores.

379 874 627 939 interea
669 875 888 938 mixtis
933 874 1223 939 lustrabo
1269 874 1564 939 Maenala
1606 873 1955 958 Nymphis,
2379 887 2449 936 55

384 967 496 1026 aut
543 984 718 1027 acres
765 963 1048 1027 venabor
1093 984 1300 1047 apros.
1345 984 1478 1027 non
1523 984 1625 1027 me
1669 962 1802 1027 ulla
1846 963 2157 1027 vetabunt

380 1050 627 1135 frigora
669 1049 1052 1115 Parthenios
1099 1051 1365 1115 canibus
1411 1050 1801 1116 circumdare
1849 1051 2067 1115 saltus.

380 1139 512 1202 iam
557 1138 716 1201 mihi
760 1160 874 1223 per
918 1160 1109 1222 rupes
1152 1139 1374 1204 videor
1415 1138 1721 1222 lucosque
1767 1144 2066 1204 sonantes

380 1227 500 1309 ire3
544 1225 704 1292 libet
749 1225 989 1291 Partho
1034 1231 1333 1311 torquere
1381 1225 1667 1312 Cydonia
1712 1248 1910 1292 cornu

383 1314 644 1399 spicula.
690 1320 1019 1398 tamquam
1062 1314 1221 1379 haec
1267 1315 1399 1379 sint
1443 1315 1652 1379 nostri
1694 1315 2009 1380 medicina
2051 1313 2320 1398 furoris,
2378 1328 2448 1376 60

383 1406 496 1466 aut
542 1402 696 1467 deus
740 1402 850 1467 1116
896 1402 1083 1466 malis
1129 1403 1463 1466 hominum
1511 1403 1844 1467 mitescere
1889 1402 2111 1471 discat.

380 1490 512 1554 iam
554 1511 760 1574 neque
804 1489 1284 1574 Hamadryades
1328 1512 1549 1554 rursus
1593 1512 1800 1575 neque
1845 1490 2129 1555 carmina
2171 1490 2361 1554 nobis

380 1578 524 1661 ipsa
566 1578 852 1663 placent·
894 1578 1072 1662 ipsae
1116 1600 1339 1643 rursus
1385 1579 1711 1644 concedite
1759 1577 1970 1643 silvae.

380 1687 513 1730 non
554 1665 741 1731 illum
784 1667 994 1730 nostri
1038 1671 1311 1751 possunt
1355 1672 1605 1732 mutare
1648 1666 1931 1751 16110168,

379 1775 498 1818 nec
544 1754 601 1819 si
646 1754 999 1856 frigoribus
1045 1755 1270 1820 mediis
1315 1754 1731 1840 Hebrumque
1775 1754 2103 1838 bibamus,
2378 1765 2446 1816 65

384 1839 838 1943 Sithoniasque
881 1843 1062 1908 nives
1106 1843 1338 1908 hiemis
1386 1844 1726 1908 subeamus
1774 1864 2077 1928 aquosae,

379 1952 498 1995 nec
543 1930 627 2016 si,
671 1951 818 1996 cum
862 1931 1141 1996 moriens
1188 1931 1321 1996 alta
1363 1931 1528 1996 liber
1573 1936 1711 1996 aret
1753 1931 1823 1996 in
1866 1931 2069 2015 ulmo,

381 2017 776 2103 Aethiopum
819 2041 1143 2084 versemus
1191 2041 1341 2084 oves
1389 2019 1508 2083 sub
1555 2020 1759 2084 sidere
1805 2017 2051 2084 Cancri.

383 2106 599 2170 omnia
643 2106 844 2170 vincit
888 2105 1115 2171 Amor:
1162 2111 1228 2170 et
1269 2128 1390 2170 nos
1437 2107 1733 2171 cedamus
1779 2105 2022 2171 Amori.

469 2192 646 2258 Haec
693 2199 794 2258 sat
839 2194 987 2278 erit,
1032 2194 1241 2277 divae,
1284 2198 1569 2258 vestrum
1616 2194 1921 2259 cecinisse
1965 2199 2252 2280 poetam,
2379 2206 2445 2255 ἰο

383 2283 534 2345 (111111
581 2282 759 2346 sedet
805 2286 869 2346 et
914 2281 1139 2367 gracili
1181 2281 1493 2346 fiscellam
1538 2282 1701 2347 texit
1744 2281 2024 2368 hibisco,

380 2367 692 2454 Pierides3
736 2390 851 2434 vos
896 2369 1053 2433 haec
1098 2369 1350 2434 facietis
1396 2370 1677 2434 maxima
1722 2369 1939 2455 Gallo,

384 2455 599 2543 Gallo,
643 2457 824 2522 cuius
858 2479 1051 2522 611161
1094 2462 1352 2522 tantum
1396 2458 1555 2522 mihi
1601 2458 1831 2524 crescit
1873 2458 1944 2522 in
1987 2458 2208 2543 horas,

383 2550 694 2627 quantum
737 2567 883 2610 vere
926 2567 1095 2610 novo
1140 2546 1361 2611 viridis
1409 2568 1476 2611 se
1523 2546 1801 2632 subrigit
1847 2547 2047 2611 alnus.

383 2655 750 2718 surgamus:
797 2633 962 2697 solet
1007 2655 1144 2698 esse
1192 2634 1406 2719 gravis
1452 2635 1862 2699 cantantibus
1908 2635 2162 2719 umbra3
2375 2644 2443 2694 75

380 2720 656 2805 iuniperi
703 2721 916 2806 gravis
961 2721 1216 2807 umbra3
1258 2727 1495 2787 nocent
1541 2728 1605 2787 et
1650 2722 1946 2807 frugibus
1993 2720 2275 2787 umbrae.

309 2849 315 2855 ·
380 2808 472 2875 ite
516 2810 776 2874 domum
823 2814 1110 2895 saturae,
1153 2810 1328 2875 venit
1373 2810 1700 2896 Hesperus
1711 2862 1729 2896 ‚
1771 2811 1861 2874 ite
1908 2810 2207 2895 capellae.
