2673 3925
366 261 448 326 18
996 259 1052 314 P.
1074 258 1368 315 VERGILI
1403 257 1728 313 MARONIS

362 405 660 490 depulsos
708 426 746 467 a
789 403 956 468 lacte
1004 402 1176 467 domi
1224 424 1385 485 quae
1431 401 1756 467 clauderet
1802 422 2030 487 agnos3
2365 416 2435 465 15

362 500 427 557 et
472 497 796 559 certamen
838 495 1003 575 erat,
1050 488 1350 574 Corydon
1395 511 1541 555 cum
1585 489 1924 590 Thyrside,
1978 510 2301 575 magnum.

360 580 708 680 posthabui
754 585 971 644 tamen
1013 578 1275 643 illorum
1319 599 1463 642 mea
1507 578 1674 643 seria
1715 578 1884 642 ludo.

363 668 625 732 alternis
670 667 875 752 igitur
920 667 1303 732 contendere
1348 666 1638 731 versibus
1685 666 1874 731 ambo

362 777 652 840 coepere,
697 755 978 819 alternos
1024 753 1248 819 Musae
1293 754 1660 819 meminisse
1706 753 2023 818 volebant.

359 845 479 908 hos
525 841 857 927 Corydon,
899 842 1047 906 illos
1092 842 1413 907 referebat
1456 842 1526 906 in
1572 842 1792 906 ordine
1834 841 2118 925 Thyrsis.
2360 856 2433 905 20

450 929 518 996 G.
564 930 935 1015 Nymphae,
990 935 1213 995 noster
1271 950 1479 1015 amor,
1533 929 1968 1014 Libethrides,
2027 934 2138 994 aut
2197 928 2359 994 mihi

1665 1040 1939 1099 carmen,

363 1107 547 1191 quale
593 1128 736 1172 meo
785 1104 1024 1191 Codro,
1068 1106 1396 1171 concedite
1443 1142 1527 1153 —
1572 1106 1866 1189 proxima
1907 1104 2154 1169 Phoebi

361 1196 650 1260 versibus
695 1194 805 1260 ille
849 1194 1008 1260 facit
1053 1230 1139 1244 ·-
1185 1200 1325 1277 aut,
1371 1194 1426 1259 si
1470 1215 1604 1258 non
1646 1215 1988 1278 possumus
2036 1214 2286 1278 omnes,

360 1283 465 1348 hic
512 1288 742 1369 arguta
786 1305 970 1347 sacra
1012 1283 1316 1367 pendebit
1360 1282 1579 1347 fistula
1621 1282 1793 1365 pinu.

360 1370 430 1434 T.
474 1370 804 1455 PastoreS,
846 1371 1081 1435 hedera
1125 1374 1517 1435 crescentem
1563 1374 1787 1434 ornate
1831 1373 2119 1454 poetam,
2359 1384 2428 1432 25

360 1460 668 1543 Arcades,
711 1458 951 1523 invidia
997 1462 1378 1541 rumpantur
1422 1461 1497 1521 ut
1538 1457 1652 1521 ilia
1697 1455 1934 1542 Codr03

363 1550 501 1631 aut,
546 1547 601 1610 si
647 1546 817 1610 ultra
859 1545 1170 1630 placitum
1213 1544 1517 1627 laudarit,
1561 1545 1826 1610 baccare
1871 1544 2153 1609 frontem

362 1598 628 1720 cingite,
670 1656 751 1699 110
794 1634 930 1698 vati
974 1637 1206 1699 noceat
1250 1632 1421 1697 mala
1463 1596 1687 1718 lingua
1729 1632 1966 1697 futuro.

451 1720 517 1786 O.
566 1720 817 1787 Saetosi
863 1726 1056 1806 caput
1099 1721 1221 1786 hoc
1268 1721 1406 1805 apri
1450 1721 1600 1806 tibi,
1643 1719 1857 1821 Delia,
1898 1743 2132 1805 parvus

362 1816 426 1875 et
470 1832 728 1876 ramosa
769 1808 987 1876 Micon
1030 1809 1268 1874 vivacis
1316 1830 1558 1874 cornua
1601 1808 1786 1873 cervi.
2357 1823 2425 1872 30

363 1900 418 1962 si
460 1899 792 1984 proprium
836 1898 960 1964 hoc
1004 1897 1226 1982 fuerit,
1267 1897 1395 1962 levi
1441 1898 1517 1962 de
1563 1919 1877 1962 marmore
1925 1900 2066 1962 tota

360 1949 1836 2158 ffussffiggtaggsissssazssffpgafigzthgrrpaobe
1848 2125 1865 2156 ,
1911 2075 2255 2157 quotannis

363 2166 730 2246 exspectare
778 2165 880 2225 sat
925 2164 1049 2224 est:
1096 2165 1313 2225 custos
1362 2182 1428 2225 es
1473 2161 1772 2244 pauperis
1816 2161 2010 2225 horti.

360 2272 531 2315 nunc
574 2254 640 2313 te
685 2270 1112 2313 marmoreum
1156 2270 1273 2332 pro
1320 2253 1607 2332 tempore
1651 2249 1945 2313 fecimus:
1993 2254 2061 2313 at
2105 2255 2176 2314 tu
2187 2301 2204 2335 ,
2356 2265 2428 2313 35

362 2339 418 2403 si
462 2338 674 2402 fetura
719 2358 981 2423 gregem
1027 2336 1444 2421 suppleverit,
1489 2358 1718 2400 aureus
1765 2341 1922 2401 esto.

450 2423 517 2491 C.
564 2425 800 2490 Nerine
848 2423 1140 2506 Galatea,
1183 2425 1410 2508 thymo
1455 2423 1615 2488 mihi
1660 2424 1907 2490 dulcior
1950 2425 2230 2510 Hyblae,

362 2514 688 2580 candidior
732 2512 947 2598 cycnis
958 2564 975 2596 ,
1017 2512 1252 2577 hedera
1294 2511 1638 2577 formosior
1684 2512 1857 2598 alba,

363 2625 508 2667 cum
551 2602 831 2686 primum
875 2600 1048 2685 pasti
1091 2605 1386 2683 repetent
1428 2602 1762 2685 praesepia
1804 2601 2003 2685 tauri,

360 2691 430 2842 'll
463 2687 1488 2862 (llgmbffieggrgssdldziisalyideffi
1526 2710 1677 2841 zib?
1690 2689 1983 2842 ’0111ῐῗ11οε1
2020 2777 2264 2864 herbis,
2354 2705 2426 2754 40

361 2865 681 2930 horridior
724 2885 938 2947 rusco,
982 2864 1271 2948 proiecta
1313 2864 1504 2929 vilior
1550 2865 1724 2950 alga,

363 2953 418 3017 si
462 2952 623 3017 mihi
665 2974 797 3016 non
840 2951 997 3017 haec
1041 2952 1152 3015 lux
1197 2956 1340 3017 toto
1386 2952 1518 3017 iam
1559 2953 1816 3053 longior
1862 2974 2028 3016 anno
2076 2958 2191 3018 est.

360 3042 451 3105 ite
499 3042 758 3104 domum
801 3039 999 3124 pasti,
1045 3040 1100 3103 si
1148 3041 1288 3125 quis
1334 3041 1565 3126 pudor,
1607 3041 1699 3104 ite
1743 3040 2010 3105 iuvenci.

451 3126 518 3193 C.
562 3127 845 3192 Muscosi
889 3128 1101 3192 fontes
1149 3133 1214 3193 et
1261 3150 1487 3193 somno
1533 3128 1790 3193 mollior
1833 3129 2061 3213 herba,
2355 3146 2422 3194 45

360 3221 427 3280 et
474 3238 633 3300 quae
679 3237 792 3280 vos
837 3238 983 3280 rara
1025 3216 1246 3281 viridis
1291 3217 1461 3303 tegit
1505 3216 1771 3281 arbutus
1818 3218 2062 3301 umbra,

363 3304 714 3369 solstitium
757 3304 973 3388 pecori
1019 3304 1363 3368 defendite:
1408 3305 1538 3368 iam
1584 3305 1760 3369 venit
1807 3309 2017 3368 aestas

361 3392 630 3476 torrida,
672 3392 802 3455 iam
847 3392 1022 3456 lento
1069 3395 1334 3476 turgent
1377 3392 1447 3455 in
1489 3392 1755 3475 palmite
1803 3412 2120 3492 gemmae..

361 3480 428 3543 T.
474 3480 599 3545 Hic
644 3480 825 3544 focus
873 3484 937 3544 et
982 3479 1203 3543 taedae
1248 3479 1552 3562 pingueS,
1595 3479 1700 3543 hic
1731 3479 2057 3578 plurimus
2102 3479 2272 3564 ignis

362 3590 638 3653 semper,
683 3573 748 3633 et
795 3567 1058 3631 adsidua
1100 3569 1320 3650 postes
1366 3530 1636 3651 fuligine
1680 3566 1867 3650 nigri.
2354 3585 2426 3634 50
