2673 3925
1113 255 1482 313 BUCOLICA.
2213 257 2295 321 17

295 401 564 467 floribus
612 406 804 485 atque
851 400 996 486 apio
1044 398 1250 466 crines
1298 404 1563 466 ornatus
1610 423 1828 466 amaro

297 490 555 555 dixerit:
603 490 752 555 ‘hos
799 489 920 555 tibi
967 489 1122 554 dant
1167 489 1481 575 calamos,
1526 512 1606 554 en
1651 489 1895 574 accipe,
1938 487 2192 573 Musae,

296 578 577 644 Ascraeo
625 599 785 663 quos
832 582 980 642 ante
1026 576 1190 662 seni,
1235 577 1470 661 quibus
1513 577 1623 642 ille
1669 578 1921 642 solebat
2333 592 2402 642 ‘10

298 666 614 731 cantando
661 665 904 751 rigidas
950 665 1256 731 deducere
1300 665 1634 731 montibus
1681 687 1890 730 ornos.

297 753 399 819 his
446 754 567 819 tibi
616 753 853 839 Grynei
896 752 1179 819 nemoris
1225 752 1478 818 dicatur
1523 754 1735 840 origo,

295 863 378 908 ne
424 842 567 927 quis
616 841 703 906 sit
745 841 959 927 lucus,
1003 863 1130 926 quo
1179 863 1246 907 se
1290 841 1437 927 plus
1481 841 1682 907 iactet
1727 840 2006 927 Apollo?

298 929 452 1014 quid
494 930 750 1014 loquar,
795 935 909 994 aut
947 927 1228 1015 Scyllam
1271 928 1448 1014 Nisi,
1492 952 1686 1014 quam
1730 929 1905 995 fama
1940 933 2161 994 secuta
2198 932 2298 994 est

298 1018 568 1083 candida
614 1017 1007 1084 succinctam
1050 1018 1439 1083 latrantibus
1483 1017 1753 1104 inguina
1798 1017 2105 1083 monstris
2335 1033 2401 1082 75

297 1105 632 1171 Dulichias
676 1127 940 1171 vexasse
984 1110 1156 1171 rates
1203 1110 1269 1171 et
1314 1106 1572 1191 gurgite
1616 1106 1685 1170 in
1731 1106 1862 1171 alto

299 1196 360 1259 a!
406 1194 669 1258 timidos
713 1198 946 1258 nautas
991 1194 1256 1259 canibus
1299 1194 1614 1259 lacerasse
1659 1193 1955 1258 marinis:

300 1287 412 1347 aut
456 1287 530 1346 ut
575 1286 862 1346 mutatos
907 1281 1093 1347 Terei
1134 1280 1491 1347 narraverit
1537 1285 1715 1347 artus
1725 1333 1742 1367 ,

299 1392 458 1454 quas
502 1369 600 1434 illi
644 1368 1004 1434 Philomela
1047 1370 1270 1455 dapes,
1315 1391 1477 1454 quae
1522 1370 1692 1435 dona
1735 1369 2006 1456 pararit,

299 1480 425 1542 quo
472 1479 664 1523 cursu
709 1457 962 1522 deserta
1005 1456 1307 1543 petiverit
1354 1462 1420 1523 et
1465 1458 1696 1543 quibus
1744 1458 1872 1523 alte
2333 1473 2401 1522 80

296 1545 520 1611 infelix
567 1567 683 1610 sua
726 1549 900 1611 tecta
943 1544 1501 1631 supervolitaverit
1545 1546 1708 1611 alis‘?

298 1634 548 1718 omnia,
593 1655 754 1718 quae
798 1632 1061 1699 Phoebo
1110 1633 1431 1719 quondam
1475 1634 1827 1699 meditante
1872 1635 2101 1700 beatus

301 1722 505 1787 audiit
548 1722 830 1787 Eurotas
873 1721 1190 1805 iussitque
1236 1721 1515 1786 ediscere
1559 1721 1806 1805 laurus,

297 1810 407 1875 ille
453 1809 629 1875 canit
673 1846 757 1857 —
803 1808 1025 1895 pulsae
1069 1808 1358 1874 referunt
1401 1809 1481 1873 ad
1528 1808 1738 1873 sidera
1779 1809 1977 1873 valles
2024 1845 2108 1856 —

301 1919 528 1985 cogere
575 1897 774 1964 donec
822 1918 972 1962 oves
1019 1896 1291 1962 stabulis
1334 1918 1798 1983 numerumque
1843 1897 2067 1961 referri
2333 1910 2401 1962 85

299 1987 490 2053 iussit
534 1992 600 2052 et
643 1987 848 2052 invito
894 1985 1211 2070 processit
1256 2007 1481 2071 vesper
1526 1985 1816 2071 Olymp0.

1027 2177 1377 2245 ECLOGA
1423 2178 1569 2245 VH.

666 2297 1096 2357 MELOEOEUS.
1169 2298 1532 2356 CORYDON.
1604 2299 1928 2357 THYRSIS.

387 2425 472 2490 M.
519 2424 717 2490 Forte
764 2427 883 2492 sub
931 2430 1163 2512 arguta
1208 2427 1584 2492 consederat
1628 2426 1773 2492 ilice
1818 2426 2139 2512 DaphniS,

302 2514 868 2599 compulerantque
916 2535 1144 2600 greges
1191 2512 1493 2600 Corydon
1536 2518 1602 2578 et
1646 2514 1913 2599 Thyrsis
1957 2515 2029 2579 in
2073 2536 2297 2600 unum,

300 2601 567 2686 Thyrsis
615 2622 791 2687 oves,
836 2599 1135 2687 Corydon
1179 2601 1493 2667 distentas
1536 2602 1703 2667 lacte
1749 2603 2041 2698 capellas.

298 2691 491 2755 ambo
538 2689 839 2755 florentes
886 2690 1232 2775 aetatibus,
1276 2690 1559 2756 Arcades
1606 2689 1824 2775 ambo,

302 2783 368 2843 et
413 2782 672 2843 cantare
716 2800 901 2862 pares
947 2783 1013 2843 et
1057 2778 1439 2863 respondere
1483 2777 1711 2864 parati.
2334 2792 2366 2842 5

299 2866 427 2932 huc
472 2865 660 2950 mihi,
705 2867 855 2930 dum
900 2871 1154 2931 teneras
1199 2865 1467 2931 defendo
1516 2889 1555 2931 a
1595 2867 1837 2953 frigore
1883 2871 2158 2952 myrtos,

301 2954 399 3019 vir
445 2953 660 3039 gregis
702 2954 841 3038 ipse
887 2976 1077 3039 caper
1112 2954 1528 3019 deerraverat.
1575 2959 1766 3039 atque
1812 2976 1937 3071 ego
1971 2954 2297 3056 Daphnim

303 3042 604 3126 adspicio.
649 3041 759 3106 ille
804 3042 918 3107 ubi
963 3064 1064 3107 me
1111 3047 1336 3107 contra
1380 3042 1584 3127 videt,
1629 3041 1871 3108 ocius'
1918 3042 2130 3127 inquit

301 3130 450 3195 huc
497 3129 674 3213 ades,
722 3151 759 3193 o
805 3128 1145 3216 Meliboee3
1192 3152 1381 3215 caper
1425 3130 1550 3195 tibi
1596 3130 1809 3195 salvus
1856 3135 1921 3195 et
1964 3130 2178 3195 haedi:

303 3222 394 3302 et,
439 3217 496 3283 si
542 3217 694 3301 quid
740 3239 988 3283 cessare
1033 3223 1246 3321 potes,
1287 3218 1613 3303 requiesce
1659 3217 1779 3283 sub
1825 3219 2068 3284 umbra.
2337 3234 2402 3284 10

301 3268 427 3371 hu'c
469 3306 596 3390 ipsi
641 3311 867 3391 potum
912 3307 1170 3371 venient
1213 3327 1327 3391 per
1371 3311 1558 3392 prata
1601 3306 1878 3391 iuvenci,

302 3393 407 3458 hic
452 3394 684 3458 virides
730 3399 953 3459 tenera
995 3394 1312 3479 praetexit
1357 3394 1710 3459 harundine
1755 3395 1928 3479 ripas

304 3478 605 3565 Mincius,
650 3503 808 3566 eque
855 3504 1035 3548 sacra
1079 3486 1384 3547 resonant
1429 3482 1722 3547 examina
1766 3481 2049 3567 q.’uercu

305 3570 455 3654 quid
473 3569 794 3634 facerem?
820 3592 1027 3655 neque
1047 3592 1167 3656 ego
1183 3569 1500 3655 Alcippen
1516 3591 1634 3635 nec
1649 3569 1948 3653 Phyllida
1959 3568 2296 3653 habebam,

405 3683 510 3726 Vn
513 3692 685 3725 ccccc
1947 3677 1979 3726 2
