2673 3925
343 199 443 252 XII
1159 198 1529 253 BUCOLIOA.

340 338 647 408 quidquam
691 338 841 393 inest
883 338 944 392 in
987 337 1058 393 iis
1073 381 1087 407 ,
1135 339 1285 407 quod
1333 338 1425 393 vel
1470 338 1582 392 arti
1628 336 2031 408 grammaticae
2077 339 2362 406 repugnet

339 425 431 480 vel
481 426 776 495 indignum
831 425 908 481 sit
958 429 1161 496 poetae
1214 426 1456 496 ingenio.
1516 457 1583 466 —
1639 432 1675 480 4
1721 426 2154 498 requierunt]
2192 426 2354 479 codd.

339 513 519 583 Servi,
553 517 615 568 H
643 514 820 569 habet
852 513 1212 582 liquerunt
1254 516 1537 569 mutatum
1580 516 1781 584 postea
1824 513 1885 567 in
1920 513 2364 582 requierunt,

340 634 729 704 liquerunt
762 656 844 706 m,
894 605 1303 705 requierunt
1336 637 1401 706 b,
1452 635 1759 706 linquffi·
1802 657 1851 706 y.
1925 636 2053 690 Non
2090 635 2363 706 displicet

342 723 710 792 liquerunt.
732 756 800 766 —
822 731 886 778 11
915 724 986 779 in
1023 728 1092 780 te
1122 725 1419 798 desinet]
1441 724 1781 795 scripsimus,
1820 723 2092 800 desinet
2117 725 2354 793 MacH,

341 812 645 866 desinam
671 814 831 884 Pyl,
860 813 930 867 in
965 816 1033 868 te
1071 813 1379 868 desinam
1407 815 1647 882 Ladew„
1671 812 1809 868 tibi
1844 812 2154 867 desinam
2172 813 2360 881 Ribb„

341 901 534 971 Schap.
564 933 632 943 —
675 907 742 956 26
771 902 836 956 Ι11
861 919 1027 957 versu
1052 901 1502 972 interpungendo
1532 901 1710 957 secuti
1738 919 1927 956 sumus
1946 902 2034 958 W.
2054 900 2358 955 Kloucek

343 987 504 1058 (Krit.
540 989 656 1043 und
689 989 861 1059 Exeg.
899 1008 967 1044 zu
1003 990 1170 1059 Verg.
1213 995 1349 1044 1879
1386 1007 1441 1059 p.
1483 995 1511 1043 1
1534 992 1658 1060 sq.),
1697 989 1767 1044 cf.
1804 988 2005 1045 Philol.
2043 988 2176 1043 Anz.
2216 993 2359 1042 1882

340 1075 438 1132 Nr.
475 1082 525 1132 4.
563 1107 632 1118 --
669 1083 737 1134 58
773 1077 978 1150 fiant]
1016 1078 1277 1148 byacITL
1314 1077 1455 1132 fiat
1488 1077 1629 1146 MP,
1659 1078 1811 1146 quod
1844 1074 2060 1146 recepit
2095 1077 2255 1132 Ribb.
2286 1107 2354 1117 —

344 1169 412 1219 74
446 1164 642 1238 hanc]
671 1167 911 1238 Lonqob.
942 1168 1114 1234 Pieri,
1151 1166 1302 1234 quod
1336 1165 1601 1235 probavit
1628 1167 1848 1237 Wayn„
1883 1166 2052 1219 haec
2087 1166 2264 1235 vulgo.
2286 1195 2354 1205 —

343 1257 445 1306 109
497 1253 862 1326 corripuit]
915 1255 1105 1325 vulqo,
1156 1255 1232 1307 ut
1279 1253 1447 1309 haec
1496 1252 1749 1308 lambit
1796 1255 1879 1322 Π,
1935 1252 2086 1321 quod
2138 1250 2401 1320 placuit.

344 1340 412 1395 E.
456 1341 698 1410 GlaserO,
735 1341 803 1398 cf.
843 1337 1088 1398 Kvicala
1120 1341 1289 1410 Verg.
1329 1341 1407 1396 St.
1447 1359 1501 1411 p.
1541 1346 1641 1395 251
1666 1359 1747 1410 sq.
1786 1371 1855 1381 -ω

480 1463 596 1518 Ecl.
639 1464 718 1518 IX
754 1470 786 1519 6
836 1464 1013 1533 quod
1062 1480 1182 1519 nec
1230 1465 1483 1535 vertat]
1536 1463 1714 1532 quod
1762 1480 1894 1518 non
1941 1466 2111 1520 vert.
2159 1465 2229 1519 H.
2283 1494 2351 1504 —

347 1557 407 1606 17
449 1550 659 1624 cadit]
695 1551 788 1606 vel
824 1553 1028 1607 cadet
1063 1551 1241 1620 codd„
1280 1551 1523 1606 cadere
1552 1553 1774 1620 Peerlk„
1813 1567 1980 1620 quem
2015 1550 2353 1611 infinitivum

344 1637 541 1693 melius
586 1641 755 1710 putat
788 1640 1020 1711 pingere
1054 1642 1347 1711 pastorum
1384 1639 1646 1694 dolorem.
1723 1638 1877 1704 Quae
1915 1638 2236 1694 coniectura
2268 1656 2353 1694 re·

345 1730 560 1798 pugnat
601 1727 810 1782 rationi
853 1727 1388 1798 palaeographicae3
1434 1743 1538 1782 nec
1582 1726 1766 1796 magis
1818 1726 2105 1782 codicibus
2154 1726 2357 1781 nititur

346 1817 546 1872 Peerlk.
599 1815 891 1885 suspicans
942 1834 994 1872 v.
1033 1822 1100 1871 29
1151 1833 1252 1885 pro
1305 1814 1500 1884 cycni
1543 1815 1844 1885 legendum
1895 1832 2016 1871 esse
2053 1815 2246 1872 caeli.
2284 1846 2353 1857 --

343 1909 409 1956 42
449 1906 517 1957 et
550 1903 805 1976 lentae]
845 1906 912 1958 et
945 1904 1131 1959 lente
1158 1907 1220 1958 H
1251 1906 1347 1975 (et
1381 1903 1442 1956 in
1479 1904 1678 1959 ceteris
1716 1921 1939 1975 quoque
1968 1904 2168 1975 codd),
2205 1903 2354 1958 len-

342 1994 453 2046 tae
489 1992 627 2059 PM,
675 2008 754 2046 en
797 1992 1033 2046 lentae
1078 1993 1240 2047 Ribb.
1292 2022 1362 2033 --
1408 1998 1619 2048 46—50
1656 1993 1900 2063 Lycidae
1936 1991 2137 2048 tribuit
2170 1993 2359 2049 Bibba

344 2078 494 2146 quod
529 2077 795 2147 probavit
829 2080 899 2133 E.
944 2081 1151 2135 Glaser.

483 2193 718 2248 Ecl.X1
749 2192 1075 2265 laborem]
1104 2193 1436 2263 Myabms,
1476 2194 1628 2250 Servi
1665 2195 1917 2264 exempl„
1955 2189 2265 2250 laborfim
2291 2196 2355 2265 P,

344 2298 457 2350 qua
476 2297 544 2335 ex
565 2279 806 2335 lectione
829 2281 992 2335 Ribb.
1014 2280 1229 2350 recepit
1251 2280 1575 2336 laborum.
1602 2312 1670 2322 —
1696 2288 1729 2336 3
1762 2285 1968 2351 neget
1997 2281 2175 2355 quis]
2198 2282 2355 2351 quis

343 2371 552 2439 neget
578 2366 1000 2423 malimus.—4
1028 2367 1509 2423 subterlabere
1547 2366 1853 2441 Sicanos]
1893 2370 2151 2439 subter,
2188 2371 2353 2439 Dea,

342 2458 578 2512 labere
615 2472 816 2510 canos
845 2457 1069 2525 Peerlk.,
1106 2472 1210 2511 nec
1236 2454 1357 2509 iure
1384 2472 1487 2510 nec
1523 2458 1671 2525 apte.
1710 2486 1779 2497 --
1817 2463 1900 2512 17.
1937 2458 2100 2513 Hunc
2133 2475 2356 2513 versum

345 2544 556 2600 delevit
589 2545 776 2612 Ribb„
819 2549 1026 2599 16-18
1065 2543 1233 2599 eiecit
1268 2545 1466 2615 Hitziq
1504 2543 1628 2614 (Rh.
1665 2544 1809 2600 Mus.
1848 2545 1977 2600 XIV
2011 2563 2065 2615 p.
2104 2550 2249 2617 482).
2287 2578 2355 2588 -

345 2640 412 2687 22
460 2631 647 2701 quid,
703 2630 921 2699 Galle,
978 2631 1269 2703 insanis]
1316 2634 1398 2700 Π,
1446 2630 1515 2688 cf.
1554 2626 1801 2688 Kvicala
1844 2632 1881 2688 1.
1928 2633 1965 2689 1.
2019 2652 2074 2703 p.
2122 2640 2225 2688 252
2255 2651 2354 2703 sq.,

345 2721 541 2789 Gau,
580 2737 679 2788 qu.
723 2719 848 2774 ins.
887 2722 1063 2791 vulyo.
1094 2750 1162 2761 —-·
1201 2726 1411 2775 38-39
1438 2718 1811 2789 interpolatos
1848 2720 2137 2776 existimat
2162 2722 2356 2793 Hitziy

341 2808 381 2863 1.
419 2809 456 2863 1.
494 2827 550 2878 p.
580 2813 684 2862 483
707 2824 788 2876 sq.
829 2838 896 2848 —-
934 2812 1018 2862 41.
1057 2808 1194 2861 Post
1219 2807 1370 2861 hunc
1404 2824 1628 2862 versum
1663 2807 1927 2862 lacunam
1964 2808 2127 2863 unius
2164 2825 2355 2863 versus

347 2895 550 2952 statuit
577 2897 738 2951 Ribb.
769 2927 837 2937 —
865 2900 1076 2950 44—48
1103 2896 1310 2951 Peerlk.
1344 2894 1606 2951 coniecit:
1643 2913 1818 2950 nunc
1853 2896 2135 2951 insanus
2175 2914 2358 2953 amor

347 2984 504 3039 duri
538 2982 871 3038 Mavortis
921 2982 990 3036 in
1039 2982 1244 3037 armis
1297 2985 1365 3037 te
1413 2984 1653 3053 procul
1704 3000 1740 3038 a
1787 2986 2022 3054 patria
2072 2987 2215 3055 (nec
2267 2984 2360 3039 sit

344 3071 512 3126 mihi
559 3071 839 3126 credere
886 3073 1265 3142 quantuml)
1311 3071 1455 3125 tela
1499 3071 1681 3126 inter
1724 3072 1951 3126 media
1998 3075 2203 3141 atque
2242 3072 2357 3126 ad-

343 3177 575 3215 versos
623 3159 893 3214 detinet
936 3158 1180 3213 hostis.
1231 3190 1298 3201 -α-
1344 3165 1430 3214 46.
1469 3160 1606 3214 Post
1640 3160 1789 3214 hunc
1824 3177 2047 3215 versum
2084 3159 2358 3215 excidisse

343 3265 564 3303 versum
614 3250 784 3317 putat
832 3248 995 3303 Ribb.
1048 3277 1116 3287 —-
1169 3252 1236 3301 53
1278 3246 1485 3301 malle
1535 3247 1708 3320 pati]
1758 3246 1875 3302 scil.
1916 3265 2087 3316 quam
2136 3247 2233 3317 qui
2268 3265 2359 3303 me

345 3336 530 3391 adhuc
568 3335 812 3391 vexabat
847 3332 1051 3388 amoris
1089 3334 1363 3400 dolorem3
1412 3351 1537 3389 eam
1574 3336 1645 3390 ob
1680 3352 1799 3390 rem
1834 3351 1948 3389 non
1982 3335 2364 3411 necessarium

343 3423 567 3479 videtur
613 3440 734 3479 esse
780 3441 904 3478 cum
952 3424 1156 3478 Peerlk.
1204 3422 1391 3492 legere
1436 3423 1632 3478 velle.
1681 3454 1749 3464 —
1796 3427 1865 3477 74
1910 3422 2237 3495 subrigit]
2288 3428 2360 3495 H,

346 3512 413 3568 cf.
455 3509 700 3569 Kvic‘ala
733 3512 771 3566 1.
809 3511 846 3566 1.
876 3529 931 3581 p.
963 3516 1083 3565 210.
1139 3511 1300 3565 Hanc
1344 3510 1642 3566 lectionem
1689 3509 1807 3563 sine
1844 3509 1963 3563 ulla
2001 3509 2361 3568 dubitatione
