2673 3925
356 242 438 306 58
992 243 1051 296 P.
1073 242 1370 297 VERGILI
1406 242 1664 297 MARON
1666 242 1727 295 IS

354 387 625 451 necdum
672 387 867 450 etiam
914 386 1246 450 audierant
1289 387 1501 450 inflari
1550 386 1848 471 classica,
1892 387 2164 452 necdum
2223 423 2231 431 ·

355 474 694 558 impositos
742 474 917 537 duris
965 475 1277 558 crepitare
1322 474 1660 539 incudibus
1709 497 1910 539 enses,
2356 492 2460 541 540

444 562 570 626 Sed
612 584 732 626 nos
778 562 1162 626 immensum
1209 563 1434 646 spatiis
1483 563 1872 627 confecimus
1921 584 2184 647 aequor,

357 655 421 715 et
465 651 597 715 iam
642 654 896 717 temnus
945 671 1181 732 equum
1226 651 1542 714 fumantia
1589 651 1831 715 solvere
1880 652 2060 714 colla.

1134 882 1555 890 ———.—-——

917 1080 1803 1167 GEORGIOON
2110 1067 2151 1121 ⁸

1091 1282 1430 1348 LIBER
1494 1282 1610 1345 111.

441 1442 531 1505 Te
571 1464 848 1527 quoque,
885 1464 1121 1527 magna
1154 1441 1343 1504 Pales
1353 1492 1370 1524 ‚
1407 1445 1471 1504 et
1508 1446 1571 1504 te
1608 1442 2014 1506 memorande
2053 1464 2348 1506 canemus

355 1534 578 1613 pastor
623 1532 703 1593 ab
749 1529 1147 1614 Amphrys0‚
1190 1550 1333 1611 VOS,
1374 1527 1575 1601 ‚silvae
1624 1552 1965 1613 amnesque
2010 1529 2260 1614 Lycaei.

357 1622 595 1702 cetera,
642 1640 802 1701 quae
848 1640 1080 1682 vacuas
1127 1616 1486 1696 tenuissent
1533 1617 1811 1681 carmine
1858 1622 2133 1701 mentes,

358 1706 574 1770 omnia
616 1706 747 1770 iam
791 1706 1079 1792 vulgata:
1127 1704 1270 1788 quis
1318 1709 1431 1769 aut
1476 1705 1844 1789 Eurysthea
1886 1706 2142 1789 durum,

358 1798 471 1857 aut
515 1794 828 1859 inlaudati
871 1794 1078 1859 nescit
1122 1792 1440 1857 Busiridis
1490 1794 1676 1857 aras?
2387 1812 2418 1858 5

359 1882 462 1946 cui
505 1904 638 1947 non
683 1883 891 1947 dictus
935 1882 1139 1967 Hylas
1184 1903 1344 1966 puer
1390 1885 1455 1944 et
1500 1880 1779 1945 Latonia
1821 1881 2017 1946 Delos

356 1971 884 2055 Hippodameque
930 1992 1275 2054 umeroque
1321 1969 1557 2054 Pelops
1602 1970 1928 2060 insignis
1922 1972 2191 2055 eburno,

359 2081 503 2123 acer
539 2059 764 2142 equis?
800 2059 1176 2142 temptanda
1210 2059 1317 2122 via
1353 2062 1479 2142 est,
1518 2080 1644 2141 qua
1680 2080 1781 2122 me
1821 2050 2070 2142 quoque
2106 2059 2350 2141 possim

359 2147 583 2210 tollere
628 2147 825 2210 humo
871 2147 1202 2228 victorque
1248 2146 1459 2210 virum
1502 2145 1774 2209 volitare
1818 2168 1932 2229 per
1978 2167 2104 2209 ora

356 2234 601 2318 primus
649 2254 768 2318 ego
813 2234 884 2297 in
926 2234 1204 2317 patriam
1249 2256 1528 2318 mecum,
1573 2234 1763 2297 modo
1809 2233 1944 2296 vita
1989 2233 2294 2317 supersit,
2397 2253 2457 2299 10

357 2322 569 2385 Aonio
616 2321 865 2385 rediens
913 2322 1219 2385 deducam
1263 2322 1501 2386 vertice
1546 2320 1793 2413 Musas5
2052 2394 2057 2401 ⁶

357 2410 601 2494 primus
647 2408 982 2473 Idumaeas
1028 2410 1300 2474 referam
1345 2410 1495 2492 tibi,
1538 2407 1834 2492 Mantua,
1876 2409 2122 2492 palmas
2132 2460 2150 2492 ‚

359 2503 423 2561 et
468 2497 658 2561 viridi
700 2497 769 2561 in
816 2519 1041 2582 campo
1087 2498 1401 2582 templum
1447 2498 1522 2561 de
1569 2519 1885 2561 marmore
1929 2519 2166 2580 ponam

358 2589 621 2669 propter
668 2607 925 2669 aquam,
969 2586 1169 2649 tardis
1215 2587 1441 2670 ingens
1488 2585 1600 2649 ubi
1645 2586 1916 2649 flexibus
1961 2590 2132 2648 errat

358 2673 634 2737 Mincius
682 2678 746 2737 et
791 2677 1013 2737 tenera
1055 2673 1373 2757 praetexit
1416 2672 1773 2737 harundine
1817 2673 2006 2756 ripas,
2392 2692 2454 2738 15

357 2762 427 2824 in
472 2761 679 2825 medio
725 2761 885 2824 mihi
932 2759 1165 2827 Caesar
1210 2760 1332 2825 erit
1377 2760 1816 2843 templumque
1861 2761 2122 2825 tenebit.

359 2849 456 2913 illi
500 2848 709 2913 victor
755 2871 874 2934 ego
922 2854 986 2913 et
1031 2848 1225 2932 Tyrio
1274 2852 1655 2931 conspectus
1699 2849 1769 2911 in
1815 2853 1990 2913 ostro

361 2941 618 3001 centum
664 2937 1077 3021 quadriiugos
1124 2936 1388 3021 agitabo
1437 2935 1517 2999 ad
1561 2935 1828 2999 flumina
1873 2959 2112 3001 currus,

361 3029 592 3089 cuncta
634 3026 794 3089 mihi
839 3024 1159 3108 Alpheum
1204 3024 1499 3106 linquens
1544 3022 1848 3107 lucosque
1894 3024 2203 3089 Molorchi

361 3113 650 3177 cursibus
699 3117 763 3176 et
810 3113 1002 3177 crudo
1051 3113 1345 3176 decernet
1393 3110 1661 3175 Graecia
1705 3117 1938 3176 caestu.
2389 3130 2456 3178 20

358 3202 496 3284 ipse
544 3204 736 3284 caput
781 3204 1005 3264 tonsae
1051 3200 1243 3263 foliis
1273 3204 1535 3263 ornatus
1585 3199 1787 3263 olivae

361 3289 528 3352 dona
571 3288 788 3351 feram.
834 3287 964 3350 iam
1009 3309 1176 3371 nunc
1223 3288 1562 3351 sollemnes
1610 3288 1836 3352 ducere
1881 3309 2148 3370 pompas

363 3375 441 3438 ad
487 3375 750 3439 delubra
792 3374 971 3438 iuvat
1018 3396 1361 3458 caesosque
1407 3375 1620 3438 videre
1664 3375 1990 3459 iuvencos3

362 3462 461 3526 vel
508 3484 738 3526 scaena
782 3467 855 3526 ut
901 3462 1101 3526 versis
1148 3462 1432 3526 discedat
1475 3462 1798 3526 frontibus
1844 3466 2040 3544 utque

360 3571 678 3633 purpurea
721 3550 952 3613 intexti
1000 3549 1232 3613 tollant
1281 3550 1503 3613 aulaea
1547 3549 1858 3612 Britanni.
2389 3569 2454 3616 ‘25
