2673 3925
804 285 1322 341 GEORGIOORUM
1360 285 1755 342 SUMMARIA.
2151 286 2283 340 XXI

289 427 717 495 bestiarumque.
765 459 834 469 —
878 425 1174 482 286—403
1221 427 1289 481 de
1336 426 1532 481 ovibus
1579 429 1638 481 et
1681 426 1888 495 capris;
1938 426 2149 481 inserta
2196 429 2284 483 est

284 514 559 584 digressio
588 516 908 584 (339—383)
938 514 1007 568 de
1033 516 1323 584 pastorum
1349 513 1469 567 vita
1493 513 1731 582 Libyum
1759 517 1817 568 et
1845 514 2189 583 Scytharum.
2212 544 2282 556 -

282 602 584 658 404—413
633 602 702 655 de
749 600 1021 669 utilitate,
1073 618 1242 669 quam
1289 601 1564 670 praebent
1611 617 1792 656 canes.
1846 634 1914 644 —
1965 601 2281 657 414—439
2398 659 2406 668 ,

283 693 588 760 praecepta
631 690 700 743 de
743 689 1020 759 pellendis
1057 692 1116 744 et
1149 688 1549 743 interficiendis
1588 688 1953 758 serpentibus,
1992 721 2061 731 —
2097 689 2281 744 440-

283 779 400 833 478
436 779 505 833 de
530 776 738 832 morbis
766 777 967 833 ovium.
997 809 1066 818 —
1093 776 1389 832 474—566
1417 777 1488 830 de
1514 777 1607 831 lue
1634 776 1915 846 pecuaria,
1953 794 2097 845 quae
2124 794 2280 846 gras-

287 868 415 920 sata
448 869 535 921 est
567 882 668 936 per
701 865 870 934 Alpes
907 864 1140 918 Noricas
1178 868 1237 919 et
1269 865 1567 920 Venetiam
1603 868 1662 919 et
1696 865 1996 933 Illyricum.

1083 1013 1326 1072 LIBER
1368 1013 1473 1073 IV.

427 1131 568 1186 1-7
606 1129 922 1185 Exordium.
973 1161 1041 1170 —
1092 1129 1275 1184 8—50
1317 1127 1400 1182 De
1447 1128 1559 1182 situ
1603 1128 1785 1198 apiari
1829 1132 1887 1183 et
1932 1129 2000 1183 de
2046 1129 2281 1183 alveari·
2394 1183 2406 1193 ,

282 1218 407 1274 bus.
452 1250 522 1261 -
566 1219 825 1275 51—115
863 1218 932 1272 de
969 1216 1332 1271 examinibus.
1380 1248 1447 1257 —
1493 1216 1791 1271 116—148
1828 1217 1898 1272 de
1935 1216 2088 1271 cultu
2131 1216 2282 1271 horti

285 1306 467 1374 deque
510 1306 671 1361 horto
717 1305 911 1375 Coryci
956 1305 1247 1359 cuiusdam
1289 1303 1453 1361 senis.
1505 1335 1573 1345 —
1625 1303 1934 1359 149—227
1984 1305 2053 1358 de
2090 1305 2281 1375 apium

283 1393 526 1463 ingenio,
561 1397 778 1463 natura,
814 1393 1077 1449 moribus.
1106 1425 1175 1435 —
1204 1392 1501 1448 228—250
1537 1393 1607 1447 de
1633 1392 1972 1449 mellatione.
2002 1424 2070 1433 —
2097 1394 2279 1447 251-

284 1482 399 1537 280
443 1482 514 1536 de
559 1481 750 1551 apium
784 1481 993 1536 morbis
1031 1497 1330 1549 eorumque
1369 1496 1516 1536 cura.
1563 1512 1631 1522 -
1677 1480 1976 1536 281-314
2013 1481 2082 1535 de
2117 1480 2279 1535 resti-

284 1569 509 1624 tuendis
545 1569 745 1639 apibus
783 1587 814 1625 e
851 1587 1079 1639 corpore
1115 1569 1335 1625 bovin0.
1376 1601 1443 1610 —
1481 1568 1779 1624 315—558
1815 1568 2010 1623 fabula
2047 1569 2115 1623 de
2156 1569 2278 1621 Ari-

285 1660 460 1727 staeo,
508 1657 673 1711 huius
720 1657 936 1712 inventi
985 1660 1226 1726 auctore,
1277 1657 1456 1725 deque
1496 1656 1714 1725 Orpheo
1766 1660 1823 1710 et
1872 1656 2159 1725 Eurydice.
2208 1686 2274 1698 —-

284 1743 582 1800 559—566
617 1745 901 1814 Epilogus,
