2673 3925
372 297 457 361 82
983 296 1041 352 Ρ.
1071 294 1369 351 VERGILI
1409 293 1737 349 MARONIS

373 440 726 525 quaeritur,
770 438 923 503 huic
970 438 1263 524 geminae
1306 461 1496 503 nares
1543 443 1608 502 et
1654 438 1921 521 spiritus
1969 438 2098 502 oris
2380 455 2498 504 300

371 528 576 593 multa
619 527 964 592 reluctanti
1010 527 1397 611 obstruitur,
1438 526 1776 611 plagisque
1821 532 2155 610 perempto

371 622 564 681 tunsa
604 638 720 701 per
764 616 1086 700 integram
1131 615 1469 680 solvuntur
1513 615 1759 679 viscera
1802 615 2051 698 pellem.

373 704 465 769 sic
509 704 793 789 positum
837 703 908 766 in
952 703 1170 767 clauso
1215 702 1518 786 linquunt
1562 706 1629 767 et
1674 725 1890 767 ramea
1934 702 2132 767 costis

373 792 700 856 subiciunt
742 792 1132 876 fragmenta,
1176 791 1474 875 thymum
1519 790 1850 874 casiasque
1895 795 2201 855 recentes.

371 881 496 945 hoc
543 880 787 965 geritur
832 879 1124 963 zephyris
1170 879 1452 962 primum
1494 879 1976 963 impellentibus
2019 880 2254 963 undae,
2379 895 2491 943 305

374 973 522 1033 ante
564 968 750 1032 novis
793 967 1069 1031 rubeant
1113 989 1304 1050 quam
1349 972 1538 1051 prata
1584 966 1936 1052 coloribus,
1981 971 2129 1030 ante

375 1055 632 1142 garrula
676 1076 867 1140 quam
913 1054 1114 1139 tignis
1158 1055 1382 1119 nidum
1428 1055 1775 1139 suspendat
1819 1054 2112 1119 hirundo.

371 1145 617 1209 interea
659 1143 896 1207 teneris
923 1142 1296 1226 'tepefactus
1343 1142 1414 1206 in
1459 1143 1712 1207 ossibus
1759 1163 1945 1206 umor

374 1236 626 1297 aestuat
669 1236 737 1295 et
778 1231 1041 1295 visenda
1084 1231 1291 1295 modis
1341 1230 1642 1295 animalia
1684 1230 1867 1294 miris
1878 1282 1895 1314 ,

373 1326 601 1385 trunca
642 1319 879 1404 pedum
923 1318 1160 1404 primo,
1203 1341 1356 1383 mox
1401 1324 1467 1384 et
1512 1318 1851 1383 stridentia
1893 1318 2148 1402 pennis,
2380 1336 2486 1383 310

372 1409 722 1474 miscentur
764 1412 1147 1491 tenuemque
1192 1407 1401 1492 magis
1447 1407 1657 1491 magis
1704 1411 1852 1470 aiira
1897 1411 2195 1491 carpunt,

373 1498 599 1580 donec,
643 1499 717 1559 ut
764 1494 1023 1559 aestivis
1069 1495 1306 1558 effusus
1352 1495 1633 1558 nubibus
1677 1494 1911 1578 imber,

374 1605 635 1668 erupere
681 1586 794 1647 aut
837 1586 912 1646 ut
954 1603 1149 1646 nervo
1194 1582 1493 1667 pulsante
1540 1582 1844 1667 sagittae,

370 1672 579 1757 prima
621 1671 793 1735 leves
836 1670 1064 1735 ineunt
1109 1670 1164 1734 si
1211 1672 1464 1754 quando
1509 1671 1757 1756 proelia
1798 1670 2042 1734 Parthi.

459 1758 616 1835 Quis
662 1760 816 1823 deus
861 1758 1047 1845 hanc,
1090 1757 1332 1843 Musae,
1379 1759 1520 1843 quis
1564 1759 1754 1823 nobis
1803 1759 2054 1822 extudit
2101 1756 2350 1821 artem?
2379 1768 2497 1823 315'

370 1847 536 1912 unde
580 1869 750 1911 nova
792 1847 1122 1933 ingressus
1166 1846 1504 1912 hominum
1549 1847 1941 1931 experientia
1986 1846 2200 1931 cepit?

369 1940 593 2022 pastor
636 1935 972 2001 Aristaeus
1017 1934 1272 2020 fugiens
1316 1934 1557 2000 Peneia
1600 1936 1867 2021 Tempe,

372 2024 655 2109 amissiS,
698 2029 773 2088 ut
816 2023 1017 2107 fama,
1062 2023 1291 2107 apibus
1339 2025 1693 2108 morboque
1738 2024 2061 2109 fameque,

369 2112 579 2176 tristis
625 2112 705 2174 ad
750 2111 1017 2175 extremi
1063 2133 1316 2175 sacrum
1363 2117 1556 2196 caput
1601 2112 1856 2177 adstitit
1901 2112 2108 2176 amnis

370 2199 575 2263 multa
621 2220 889 2281 querens
936 2203 1127 2280 atque
1172 2198 1293 2262 hac
1341 2199 1596 2262 adfatus
1641 2221 1795 2264 voce
1840 2205 2201 2283 parentem:
2380 2215 2480 2264 320

371 2287 627 2371 ‘mater,
672 2283 919 2370 Cyrene
964 2289 1194 2369 mater,
1240 2307 1402 2368 quae
1449 2286 1727 2371 gurgitis
1769 2287 1962 2350 huius

368 2376 501 2439 ima
543 2379 724 2439 tenes
735 2426 752 2459 ,
799 2374 951 2459 quid
994 2395 1096 2438 me
1140 2372 1473 2458 praeclara
1515 2374 1714 2457 stirpe
1759 2374 2024 2438 deorum
2069 2409 2155 2422 -

370 2464 426 2528 si
454 2464 665 2548 mod0,
692 2485 881 2547 quem
906 2462 1224 2547 perhibes,
1248 2467 1435 2546 pater
1462 2468 1562 2527 est
1588 2462 2029 2547 Thymbraeus
2050 2461 2288 2548 Apollo
2314 2499 2388 2510 —-

367 2552 648 2616 invisum
692 2552 844 2615 fatis
893 2551 1216 2637 genuisti?
1263 2556 1376 2614 aut
1422 2573 1548 2635 quo
1595 2552 1719 2616 tibi
1762 2551 1971 2616 nostri

367 2639 592 2724 pulsus
639 2640 861 2703 amor?
907 2639 1060 2722 quid
1105 2661 1206 2703 me
1253 2639 1501 2703 caelum
1545 2661 1799 2724 sperare
1843 2638 2156 2704 iubebas?
2379 2654 2478 2703 325

370 2749 451 2792 en
495 2727 694 2791 etiam
737 2727 907 2791 hunc
948 2727 1164 2811 ipsum
1208 2727 1379 2791 vitae
1425 2728 1719 2793 mortalis
1765 2728 2104 2811 honorem,

372 2837 562 2898 quem
607 2815 768 2879 mihi
811 2814 920 2879 vix
963 2814 1225 2900 frugum
1271 2819 1336 2878 et
1381 2816 1697 2899 pecudum
1743 2816 2034 2881 custodia
2080 2814 2305 2879 sollers

369 2903 587 2967 omnia
633 2903 977 2987 temptanti
1023 2904 1390 2986 extuderat,
1434 2907 1500 2968 te
1547 2909 1751 2969 matre
1795 2904 2104 2988 relinquo.

372 2991 528 3075 quin
574 3012 692 3076 age
740 2995 806 3056 et
847 2991 992 3074 ipsa
1035 3013 1232 3055 manu
1275 2991 1495 3055 felices
1543 3014 1692 3057 erue
1740 2992 1962 3077 silvas,

299 3100 312 3117 ⁹
369 3080 467 3144 fer
512 3078 783 3144 stabulis
827 3078 1160 3144 inimicum
1204 3079 1424 3164 ignem
1471 3084 1662 3163 atque
1707 3080 1997 3145 interfice
2042 3101 2308 3164 messeS,
2381 3095 2477 3144 330

368 3189 483 3232 ure
530 3171 672 3232 sata
716 3171 781 3231 et
827 3168 1051 3232 duram
1094 3167 1166 3231 in
1209 3168 1374 3232 vites
1420 3169 1647 3233 molire
1692 3169 2063 3255 bipennem,

369 3259 554 3319 tanta
598 3277 775 3320 meae
823 3255 879 3318 si
924 3259 989 3319 te
1037 3260 1344 3339 cepenmt
1388 3258 1600 3321 taedia
1644 3256 1894 3321 laudis?

456 3343 549 3408 At
593 3348 800 3408 mater
845 3342 1129 3407 sonitum
1174 3344 1462 3408 thalamo
1512 3346 1630 3409 sub
1678 3345 1960 3409 fluminis
2009 3343 2125 3408 alti

370 3431 589 3495 sensit.
663 3454 805 3496 eam
851 3430 1092 3496 circum
1137 3430 1394 3496 Milesia
1437 3432 1674 3497 vellera
1718 3431 2061 3517 Nymphae

369 3519 719 3602 carpebant
762 3519 938 3603 hyali
986 3523 1203 3584 saturo
1250 3520 1471 3585 fucata
1515 3520 1756 3605 colore,
2384 3534 2476 3582 335

366 3605 743 3692 Drymoque
788 3606 1175 3692 Xanthoque
1219 3607 1547 3694 Ligeaque
1592 3609 2136 3694 Phyllodoceque,
