2673 3925
1141 259 1510 317 Bucoch.
1679 216 1680 219 Ὺ
2241 260 2325 324 23

329 429 528 492 usque
566 407 647 473 ad
683 429 916 492 aquam
953 412 1017 472 et
1053 410 1319 490 vetereS,
1354 404 1484 470 iam
1511 404 1721 471 fracta
1747 405 2097 490 cacumina,
2121 405 2327 490 fagOS,

328 496 544 560 omnia
591 496 980 560 carminibus
1026 499 1314 559 vestrum
1361 515 1647 559 servasse
1693 493 2045 559 Menalcan.
2367 510 2431 557 ιο

327 582 412 647 Μ.
457 583 799 668 Audieras,
845 588 910 648 et
954 583 1130 647 fama
1172 582 1326 667 fuit3
1373 582 1484 646 sed
1529 582 1814 647 carmina
1857 585 2114 647 tantum

327 676 551 736 nostra
594 671 839 756 valent,
883 670 1228 754 Lycida,t
1197 670 1329 735 tela
1373 670 1544 735 inter
1587 669 1852 754 Martia,
1899 674 2211 754 quantum

330 757 649 825 Chaonias
696 760 916 825 dicunt
963 758 1178 842 aquila
1221 758 1515 823 veniente
1562 758 1908 823 columbae.

330 848 501 933 quod
544 848 673 913 nisi
718 869 819 913 me
868 866 1264 931 quacumque
1309 868 1512 911 novas
1556 846 1833 911 incidere
1878 845 2027 909 lites

331 941 479 1000 ante
527 936 791 1001 sinistra
835 957 993 1000 cava
1036 934 1395 999 monuisset
1440 934 1521 999 ab
1565 934 1712 1000 ilice
1759 933 1980 999 cornix
1991 985 2009 1017 ,
2369 950 2431 997 15

328 1047 445 1090 nec
491 1028 641 1088 tuus
686 1024 793 1089 hic
839 1023 1076 1088 Moeris
1119 1043 1239 1087 nec
1284 1023 1528 1087 viveret
1570 1022 1710 1107 ipse
1756 1022 2097 1087 Menalcas.

328 1111 399 1176 L.
418 1112 583 1197 Heu,
611 1112 818 1177 cadit'
799 1133 870 1175 ιιι
889 1132 1274 1196 quemquam
1286 1115 1545 1175 tantum
1565 1110 1815 1175 scelus?
1843 1109 1989 1195 heu,
2006 1114 2121 1174 tua
2139 1108 2327 1173 nobis

328 1222 530 1285 paene
577 1199 769 1264 simul
814 1204 1029 1265 tecum
1075 1198 1315 1264 solacia
1358 1203 1571 1284 rapta,
1615 1197 1951 1263 Menalca?

331 1289 473 1372 quis
512 1292 770 1354 caneret
795 1286 1176 1373 Nymphas?
1213 1287 1356 1371 quis
1393 1287 1662 1350 humum
1697 1286 2075 1351 florentibus
2110 1284 2328 1349 herbis

332 1380 664 1462 spargeret
712 1380 825 1441 aut
868 1376 1058 1440 viridi
1102 1376 1316 1441 fontes
1360 1376 1692 1440 induceret
1736 1373 2010 1438 umbra?
2366 1389 2432 1437 20

330 1465 431 1529 vel
479 1486 639 1548 quae
686 1464 940 1550 sublegi
984 1463 1222 1529 tacitus
1268 1464 1392 1528 tibi
1438 1463 1722 1529 carmina
1763 1483 1997 1547 nuper,

332 1575 478 1618 cum
522 1557 588 1618 te
635 1554 716 1618 ad
761 1553 1020 1618 delicias
1065 1551 1293 1637 ferres,
1336 1552 1764 1653 Amaryllida,
1806 1550 2108 1615 nostras?

332 1641 603 1727 Tityre,
648 1641 801 1705 dum
843 1641 1032 1706 redeo
1062 1676 1146 1687 —
1174 1640 1388 1704 brevis
1425 1644 1525 1704 est
1560 1640 1667 1704 via
1692 1675 1778 1687 —
1803 1660 1995 1722 pasce
2034 1637 2329 1722 capellas,

331 1734 398 1794 et
441 1733 669 1813 potum
713 1732 935 1813 pastas
982 1748 1130 1813 age,
1173 1727 1422 1812 Tityre,
1467 1731 1532 1792 et
1574 1727 1746 1791 inter
1792 1725 2109 1811 agendum

334 1838 669 1882 occursare
716 1836 909 1900 capro
957 1851 1041 1863 -
1089 1835 1286 1880 cornu
1330 1814 1483 1879 ferit
1526 1812 1638 1878 ille
1682 1850 1767 1861 —
1816 1812 2079 1877 caveto?
2366 1829 2428 1877 25

332 1904 418 1969 M.
463 1904 672 1969 Immo
716 1902 875 1969 haec
890 1954 907 1988 ,
952 1924 1113 1988 quae
1157 1901 1333 1968 Varo
1379 1902 1651 1968 necdum
1696 1900 1983 1986 perfecta
2027 1900 2327 1966 canebat:

334 1993 556 2077 ‘Vare,
600 1997 788 2056 tuum
829 2013 1091 2077 nomen,
1137 1996 1400 2076 superet
1440 1992 1632 2056 modo
1669 1990 1938 2055 Mantua
1978 1989 2189 2075 nobie,

332 2081 602 2146 Mantua
645 2102 762 2146 vae
807 2080 1077 2145 miserae
1119 2080 1393 2144 nimium
1438 2080 1651 2145 vicina
1695 2076 2073 2163 Cremonae,

333 2173 666 2235 cantantes
713 2168 986 2233 sublime
1030 2169 1240 2233 ferent
1284 2169 1366 2233 ad
1411 2168 1619 2234 sidera
1665 2166 1887 2251 cycni?

330 2258 404 2323 L.
452 2255 558 2323 Sic
602 2262 719 2322 tua
763 2254 1043 2341 Cyrneas
1088 2257 1347 2343 fugiant
1391 2257 1684 2322 examina
1727 2259 1913 2320 taxos
1923 2305 1941 2339 ‚
2365 2271 2433 2320 30

333 2347 426 2412 sic
472 2345 679 2430 cytiso
723 2350 949 2429 pastae
996 2345 1365 2410 distendant
1408 2345 1608 2410 ubera
1651 2365 1906 2409 vaccae·

330 2433 568 2519 incipe,
614 2434 668 2498 si
715 2434 868 2517 quid
911 2433 1128 2498 habes
1173 2438 1239 2497 et
1283 2455 1388 2498 me
1432 2432 1638 2498 fecere
1681 2435 1942 2516 poetam

331 2521 643 2606 Pierides,
689 2526 840 2585 sunt
886 2525 952 2585 et
995 2520 1158 2586 mihi
1202 2521 1512 2606 carmina,
1556 2542 1657 2585 me
1706 2539 1958 2603 quoque
2005 2517 2226 2582 dicunt

332 2615 548 2675 vatem
590 2614 912 2695 pastores3
957 2609 1068 2673 sed
1110 2630 1243 2673 non
1286 2630 1409 2694 ego
1455 2608 1747 2674 credulus
1792 2606 1939 2670 illis.

331 2720 484 2762 nam
525 2718 732 2781 neque
778 2660 985 2761 adh’uc
1029 2695 1228 2761 Vario
1274 2697 1496 2763 videor
1535 2718 1655 2761 nec
1700 2695 1909 2760 dicere
1956 2690 2161 2757 Cinna
2365 2709 2431 2757 35

333 2786 557 2871 digna,
602 2785 713 2850 sed
760 2789 1026 2870 argutos
1070 2784 1240 2849 inter
1285 2790 1568 2869 strepere
1615 2804 1802 2848 anser
1848 2781 2072 2846 olores.
2294 2791 2300 2800 ’

332 2873 417 2938 Μ.
446 2872 523 2937 Id
551 2873 806 2957 quidem
836 2894 959 2959 ago
989 2877 1054 2937 et
1082 2873 1319 2938 tacitus
1321 2872 1616 2957 ,Lycida,
1642 2892 1894 2938 mecum
1920 2869 2058 2955 ipse
2086 2868 2329 2954 voluto,

335 2962 393 3026 si
437 2960 687 3026 valeam
731 2961 1131 3046 meminisse,
1172 2982 1381 3044 neque
1429 2966 1527 3025 est
1570 2958 1858 3045 ignobile
1906 2978 2178 3022 carmen.

332 3049 484 3114 huc
530 3049 707 3133 adeS,
753 3070 791 3112 o
840 3048 1133 3134 Galatea3
1179 3048 1321 3131 quis
1369 3054 1496 3113 est
1510 3070 1663 3113 nam
1706 3046 1894 3110 ludus
1938 3045 2009 3109 ιιι
2052 3044 2283 3108 undis?

330 3137 437 3202 hic
483 3158 594 3202 ver
636 3159 1054 3222 purpureum,
1098 3137 1309 3201 varios
1355 3136 1461 3202 hic
1506 3135 1774 3200 flumina
1817 3133 2056 3198 circum
2366 3148 2433 3198 40

331 3225 544 3289 fundit
588 3224 823 3289 humus
867 3226 1084 3309 flores,
1127 3224 1233 3290 hic
1279 3225 1546 3289 candida
1588 3222 1865 3308 populus
1913 3224 2098 3285 antro

330 3312 626 3378 imminet
670 3317 737 3377 et
780 3313 992 3378 lentae
1035 3317 1264 3377 texunt
1306 3312 1682 3377 umbracula
1726 3311 1907 3375 vites.

329 3399 457 3466 huc
503 3401 679 3485 ades3
723 3401 936 3465 insani
980 3400 1216 3465 feriant
1261 3402 1399 3466 sine
1443 3401 1640 3465 litora
1682 3395 1957 3463 fluctus?

331 3487 402 3552 L.
450 3487 644 3573 Quid,
690 3510 852 3573 quae
897 3495 962 3554 te
1004 3510 1169 3573 pura
1213 3488 1425 3553 solum
1470 3488 1590 3552 sub
1634 3491 1825 3551 nocte
1871 3487 2206 3549 canentem

332 3577 700 3641 audieram?
744 3598 1047 3641 numeros
1094 3577 1385 3655 memini,
1430 3577 1486 3640 si
1529 3575 1727 3640 verba
1771 3578 2071 3637 tenerem.
2300 3608 2305 3612 -
2367 3586 2432 3635 45
