2673 3925
1110 272 1481 329 BUCOLICA.
2222 278 2301 332 XI

291 403 528 470 vincat
553 414 614 482 P,
653 429 721 467 ex
747 430 855 482 quo
883 414 1045 470 Ribb.
1074 414 1288 483 recepit
1311 414 1615 469 lectionem
1640 414 1888 471 vincat.
1919 447 1986 458 —
2025 422 2089 471 61
2120 416 2298 472 tule-

291 504 472 575 runt]
494 501 695 572 optimi
714 502 890 571 codd,
913 502 1132 571 aliquot
1157 503 1583 558 abstulerint
1609 503 1828 560 Servius
1856 503 1996 558 dicit
2021 504 2298 573 exhibere,

293 608 465 660 quam
509 590 807 645 lectionem
850 590 1065 660 recepit
1110 591 1365 663 Semper,
1410 592 1479 648 cf.
1516 592 1707 662 Progr.
1744 592 1907 648 Posn.
1947 598 2083 647 1872
2120 610 2176 662 p.
2212 598 2298 661 40,

292 679 598 734 tulerant
634 683 704 735 H.
742 710 809 721 -

434 767 549 823 Ecl.
588 768 641 823 V
678 773 745 822 18
790 766 1053 821 iudicio
1099 770 1361 841 nostro]
1407 768 1639 825 iudice
1683 786 1783 825 me
1825 772 2058 824 noster
2093 771 2300 839 Peerlk.

295 887 363 898 —
392 861 458 910 19
493 854 600 909 Hic
619 854 828 909 'vorsus
865 846 1156 910 Menalcae
1192 855 1438 910 tributus
1477 859 1564 911 est
1598 874 1633 911 a
1668 858 1978 927 Ribbeckio,
2014 874 2180 927 quem
2216 873 2300 911 se·

295 944 410 999 cuti
455 947 586 998 sunt
629 945 893 1014 Ladewiy
939 947 998 998 et
1042 944 1280 1014 Schaper
1316 945 1622 999 secundum
1658 945 1810 1015 PRy
1827 946 1914 999 ab
1928 949 2043 1001 cH.
2114 945 2300 1014 Vulgo

292 1034 460 1087 datur
494 1033 719 1101 Mopso;
759 1032 826 1087 cf.
864 1033 1017 1088 Lad.
1040 1032 1365 1102 —Schap.
1406 1050 1455 1089 a.
1493 1033 1547 1089 h.
1585 1034 1623 1090 1.
1662 1033 1925 1104 (Anhang
1959 1052 2013 1103 p.
2052 1037 2193 1104 196).
2233 1064 2299 1074 -

292 1128 357 1176 27
396 1122 654 1175 Poenos
707 1118 916 1174 etiam
964 1120 1330 1193 gemuisse]
1383 1120 1594 1175 Poeni
1654 1120 1862 1175 etiam
1911 1120 2301 1190 ingemuere

291 1211 499 1266 Peerlk.
551 1239 621 1250 -
671 1212 739 1261 45
793 1223 1061 1262 carmen
1108 1207 1330 1280 nobis]
1378 1208 1577 1263 nobis
1626 1225 1892 1263 carmen
1927 1210 2088 1264 Ribb.
2128 1240 2194 1250 —
2231 1214 2298 1262 49

252 1361 266 1374 ·
291 1297 459 1352 eiecit
493 1297 684 1363 Ribb„
711 1294 964 1349 restituit
1001 1296 1234 1351 Kolster.
1276 1326 1345 1337 —
1382 1301 1467 1351 51.
1504 1296 1642 1351 Post
1676 1295 1995 1350 tollemus
2030 1298 2301 1365 punctum

288 1385 480 1457 posuit
513 1386 720 1440 Peerlk.
761 1415 828 1424 —
867 1391 934 1438 63
972 1383 1296 1456 carmina]
1336 1383 1633 1440 carmine
1670 1386 1876 1440 Peerlk.
1914 1415 1982 1425 —

430 1472 645 1528 Ecl.VI
673 1479 742 1527 10
778 1472 990 1545 leget]
1019 1472 1084 1540 R,
1122 1472 1316 1542 legat
1351 1491 1424 1528 m.
1464 1504 1532 1515 —
1571 1478 1639 1526 14
1674 1472 2035 1544 iacentem]
2076 1470 2301 1541 sepul-

289 1565 429 1616 tum
473 1561 680 1615 Peerlk.
729 1591 797 1601 —
845 1566 911 1614 15
950 1559 1277 1614 inflatum
1313 1561 1661 1633 hesterno]
1700 1561 1869 1616 hest.
1908 1560 2055 1616 infl.
2094 1562 2299 1616 Peerlk.

290 1668 357 1692 -·-
404 1654 474 1703 24
517 1647 764 1720 videri]
811 1648 986 1703 vieri
1031 1650 1237 1704 Peerlk.
1285 1679 1354 1689 —
1401 1655 1609 1703 32-33
1648 1650 1853 1704 Peerlk.
1893 1648 2132 1703 coniecit
2166 1652 2300 1703 ter-

287 1738 527 1807 raique
555 1753 656 1806 pro
693 1739 1165 1804 terrarumque
1204 1738 1263 1790 et
1299 1751 1377 1789 ex
1413 1735 1636 1789 omnia
1672 1754 1772 1804 pro
1812 1736 2117 1805 exordia,
2155 1752 2300 1805 quae

290 1825 609 1881 coniectura
647 1822 838 1878 codice
876 1823 936 1890 P,
974 1822 1035 1875 in
1071 1839 1180 1890 quo
1219 1825 1306 1875 est
1344 1838 1420 1876 ex
1462 1822 1708 1891 omnia,
1757 1824 2193 1878 commendatur.
2232 1855 2299 1865 —

291 1920 359 1969 54
394 1911 772 1983 pallentes]
800 1909 1135 1980 pubentes
1165 1910 1371 1965 Peerlk.
1404 1908 1524 1964 sine
1552 1927 1738 1980 causa,
1778 1910 1846 1967 cf.
1868 1912 2298 1984 Lad.-Schap.

291 2021 340 2058 a.
369 2003 424 2057 11.
453 2000 489 2056 1.
529 2031 596 2041 -
636 2005 720 2054 61.
758 1999 893 2052 Post
927 1998 1077 2052 hunc
1110 2015 1333 2053 versum
1368 1997 1632 2053 lacunam
1667 1998 1831 2053 unius
1870 2016 2061 2054 versus
2099 2001 2303 2056 statuit

290 2092 510 2146 Kolster
547 2086 685 2158 (Ecl.
723 2106 777 2157 p.
818 2090 957 2157 112).
1011 2117 1079 2127 —
1132 2093 1198 2142 80
1244 2086 1409 2160 alte]
1455 2087 1643 2158 recepi
1688 2105 1756 2142 ex
1802 2088 2121 2144 coniectura
2163 2092 2300 2146 Rib-

290 2181 462 2246 beelei,
515 2179 673 2230 ante
724 2175 910 2243 codd.,
963 2173 1096 2229 alis
1133 2179 1215 2243 H,
1268 2179 1453 2230 ortum
1499 2192 1567 2230 ex
1610 2175 1932 2246 insequenti
1966 2195 2156 2248 versu,
2202 2180 2301 2234 ubi

289 2267 421 2323 alis
458 2264 684 2335 legitur.
724 2295 790 2305 —
831 2269 897 2319 85
933 2262 1202 2336 referri]
1240 2264 1498 2319 referre
1537 2265 1848 2321 MlPle.
1888 2299 1954 2307 —

430 2354 547 2409 Ecl.
584 2352 690 2407 VII
727 2358 759 2407 5
811 2355 1091 2406 cantare
1140 2354 1365 2424 pares]
1418 2353 1568 2423 quod
1617 2355 1893 2423 praebent
1942 2355 2129 2425 codd„
2180 2355 2300 2411 sine

288 2444 440 2498 iusta
477 2458 648 2496 causa
683 2439 927 2495 mutavit
962 2440 1023 2493 in
1056 2440 1321 2510 pariter
1359 2444 1639 2496 cantare
1677 2444 1908 2508 Peerlk.;
1954 2443 2106 2498 idem
2140 2462 2193 2500 v.
2233 2451 2297 2498 11

288 2532 417 2586 huc
466 2530 526 2583 in
575 2530 743 2584 haec
791 2529 1124 2582 mutandum
1161 2545 1283 2583 esse
1334 2532 1549 2595 censet;
1609 2530 1708 2584 sed
1764 2531 1831 2587 cf.
1870 2533 1941 2586 E.
1979 2550 2027 2588 v.
2066 2533 2302 2589 Leutsch

289 2619 566 2688 Philolog.
602 2618 810 2672 XXVII
844 2636 899 2688 p.
940 2623 1025 2685 27,
1074 2616 1172 2685 qui
1208 2616 1464 2672 codicum
1510 2617 1808 2674 lectionem
1855 2619 2109 2674 defendit
2153 2637 2299 2675 com-

289 2723 497 2778 parans
526 2706 642 2762 Ecl.
664 2707 829 2761 IX39
860 2709 919 2761 et
945 2705 1283 2775 Georg.II4.
1321 2736 1390 2746 —
1430 2710 1498 2759 25
1537 2708 2305 2779 crescentem]P⁴yacmH

287 2798 468 2867 vuzqo,
504 2797 896 2850 nascentem
942 2796 1159 2865 Waqn„
1196 2795 1411 2865 Haupt.
1451 2826 1517 2836 —
1556 2799 1624 2850 28
1660 2795 1808 2850 vati
1844 2796 2098 2869 futuro]
2138 2797 2296 2852 codd.

287 2888 474 2957 vulyo,
518 2883 702 2938 vatis
748 2883 966 2937 futuri
1011 2885 1216 2939 Peerlk.
1291 2884 1403 2938 Sed
1448 2882 1649 2938 melius
1685 2884 1914 2953 Thyrsis
1953 2884 2022 2939 de
2060 2901 2119 2939 se
2155 2888 2299 2939 tam-

291 2989 458 3042 quam
506 2972 576 3026 de
621 2974 752 3025 vate
799 2972 987 3025 futuro
1032 2970 1306 3040 loquitur,
1356 2987 1526 3040 quam
1573 2970 1642 3025 de
1680 2970 1792 3025 alio
1831 2973 2076 3040 quodam
2109 2976 2297 3043 poeta,

288 3065 353 3116 ut
388 3062 592 3116 Peerlk.
630 3060 768 3115 vult.
808 3091 876 3101 —-
912 3067 981 3115 46
1018 3061 1196 3132 rara]
1236 3063 1436 3130 grata
1470 3059 1562 3113 vel
1607 3060 1839 3129 gelida
1876 3060 2082 3117 Peerlk.
2121 3091 2190 3102 —-
2229 3068 2298 3116 54

289 3150 622 3221 quaeque]
658 3149 787 3217 MP,
827 3165 1093 3218 quaque
1128 3149 1276 3217 bc2,
1317 3148 1467 3217 quod
1503 3147 1717 3217 recepit
1763 3149 1959 3220 Wayn.
1999 3181 2067 3191 —

429 3237 545 3292 Ecl.
583 3237 715 3291 VIII
755 3243 892 3291 1-4
937 3237 1216 3292 eiciendos
1268 3253 1391 3291 esse
1437 3240 1628 3291 censet
1664 3237 1866 3293 Peerlk.
1940 3236 2105 3306 Piget
2139 3254 2297 3308 repe-

288 3328 406 3379 tere
444 3324 656 3393 omnia,
708 3342 852 3396 quae
898 3325 996 3381 ille
1034 3326 1104 3380 de
1139 3325 1228 3380 his
1266 3324 1519 3379 versibus
1555 3326 1723 3395 plane
1759 3324 2069 3395 perspicuis
2108 3325 2296 3396 dispu-

288 3412 450 3468 tavit.
526 3412 671 3478 Quid
718 3414 867 3468 enim
911 3414 1167 3469 mendosi
1213 3414 1289 3467 sit
1330 3413 1392 3467 in
1437 3412 1539 3467 issa
1585 3416 1866 3467 structura
1907 3413 2297 3469 ‘Pastorum

288 3500 568 3570 Musam,
606 3502 928 3557 Damonis
967 3506 1034 3557 et
1060 3501 1520 3571 Alphesiboei
1548 3532 1615 3543 —
1646 3501 1972 3556 dicemus’
2003 3518 2118 3556 non
2143 3502 2295 3557 vide·

288 3605 428 3643 mus.
483 3589 725 3645 Exstant
759 3590 822 3645 hi
857 3594 1125 3660 quattuor
1159 3607 1352 3645 versus
1389 3590 1451 3643 in
1486 3590 1742 3644 omnibus
1778 3589 2078 3658 codicibus,
2114 3606 2296 3658 neque
