2673 3925
352 270 435 334 70
983 273 1043 327 P.
1066 270 1362 326 VERGILI
1397 271 1727 327 MARONIS

345 420 690 499 postquam
734 420 959 479 exusta
1002 416 1214 500 palus,
1260 420 1593 501 terraeque
1640 418 1867 480 ardore
1914 417 2280 502 dehiscunt,

347 504 562 568 exsilit
604 504 673 567 in
719 505 959 568 siccum
1005 509 1072 568 et
1115 504 1515 568 flammantia
1557 504 1803 568 lumina
1847 510 2154 589 torquens

348 592 551 655 saevit
596 593 769 677 agris
817 614 1126 678 asperque
1174 592 1283 656 siti
1329 596 1523 676 atque
1570 593 1887 657 exercitus
1934 598 2134 658 aestu.

344 702 463 745 nec
509 680 669 744 mihi
714 686 854 744 tum
899 681 1125 745 molles
1174 681 1291 744 sub
1341 681 1487 745 divo
1536 703 1794 765 carpere
1840 703 2099 746 somnos
2352 699 2454 747 435

344 790 471 832 neu
516 770 704 832 dorso
751 769 1030 833 nemoris
1075 769 1277 832 libeat
1321 768 1598 833 iacuisse
1642 791 1759 853 per
1802 769 2034 834 herbas
2046 822 2064 854 ,

346 878 492 920 cum
536 857 766 942 positis
811 879 1017 921 novus
1064 857 1308 921 exuviis
1354 857 1725 940 nitidusque
1768 857 2030 922 iuventa

345 945 628 1008 volvitur
673 950 784 1009 aut
831 945 1079 1009 catulos
1127 945 1315 1009 tectis
1364 949 1476 1009 aut
1523 967 1644 1010 ova
1687 946 2051 1028 relinquens

345 1034 580 1097 arduus
628 1034 707 1096 ad
754 1034 955 1097 solem
1002 1037 1067 1097 et
1110 1033 1351 1119 linguis
1398 1033 1595 1098 micat
1642 1055 1750 1098 ore
1797 1034 2097 1099 trisulcis.

431 1120 809 1185 Morborum
856 1143 1107 1205 quoque
1152 1125 1220 1185 te
1265 1143 1491 1185 causas
1538 1126 1603 1185 et
1649 1122 1836 1206 signa
1881 1122 2140 1188 docebo.
2349 1138 2453 1188 440

344 1209 552 1294 turpis
600 1230 749 1274 oves
795 1213 1072 1293 temptat
1118 1209 1394 1294 scabies,
1439 1209 1551 1272 ubi
1599 1209 1872 1295 frigidus
1917 1210 2127 1275 imber

345 1297 539 1361 altius
586 1298 665 1361 ad
710 1297 928 1362 vivum
970 1297 1255 1382 persedit
1300 1301 1366 1361 et
1411 1297 1673 1361 horrida
1719 1320 1877 1362 cano

343 1385 574 1449 bruma
619 1386 794 1470 gelu,
838 1386 940 1449 vel
986 1408 1131 1450 cum
1176 1385 1385 1449 tonsis
1429 1385 1672 1450 inlotus
1719 1386 2011 1451 adhaesit

345 1475 541 1537 sudor
585 1479 650 1537 et
694 1473 933 1537 hirsuti
978 1477 1318 1538 secuerunt
1366 1494 1636 1557 corpora
1681 1495 1922 1557 vepres

344 1561 637 1625 dulcibus
680 1561 919 1625 idcirco
966 1561 1176 1625 fluviis
1220 1583 1417 1646 pecus
1465 1583 1651 1625 omne
1697 1562 1994 1646 magistri
2348 1579 2450 1626 445

342 1649 761 1734 perfundunt,
805 1649 1074 1733 udisque
1121 1649 1285 1714 aries
1331 1650 1401 1713 in
1448 1650 1703 1734 gurgite
1751 1650 1920 1714 villis

343 1742 661 1802 mersatur
703 1737 1065 1820 missusque
1111 1739 1388 1802 secundo
1436 1738 1660 1802 defluit
1704 1739 1903 1802 amni:

343 1831 455 1891 aut
499 1831 760 1891 tonsum
806 1825 981 1890 tristi
1030 1826 1460 1911 continguunt
1506 1847 1737 1910 corpus
1785 1848 2055 1927 amurga

343 1920 408 1980 et
454 1937 713 2001 spumas
759 1914 1034 1979 miscent
1078 1913 1330 2000 argenti
1377 1918 1442 1978 et
1488 1913 1750 1999 sulpura
1794 1914 1941 1980 viva

341 2004 692 2089 Idaeasque
735 2003 911 2087 pices
959 2007 1023 2067 et
1067 2003 1340 2088 pingues
1388 2003 1670 2088 unguine
1719 2025 1895 2068 ceras
2346 2020 2447 2069 450

343 2093 716 2175 scillamque
763 2091 1204 2174 elleborosque
1251 2113 1476 2176 graves
1523 2091 1908 2177 nigrumque
1959 2092 2262 2157 bitumen.

340 2201 474 2244 non
516 2184 734 2244 tamen
776 2179 910 2243 ulla
954 2180 1161 2264 magis
1207 2201 1508 2262 praesens
1545 2180 1807 2244 fortuna
1850 2180 2146 2244 laborum
2192 2186 2319 2266 est,

344 2291 537 2352 quam
583 2268 639 2332 si
685 2267 827 2350 quis
874 2267 1043 2330 ferro
1090 2266 1307 2350 potuit
1351 2266 1708 2332 rescindere
1756 2289 2080 2332 summum

341 2356 573 2421 ulceris
622 2378 720 2420 os:
768 2355 962 2419 alitur
1008 2355 1239 2419 vitium
1284 2354 1570 2438 vivitque
1617 2356 1920 2440 tegendO,

343 2445 495 2508 dum
539 2444 817 2508 medicas
863 2443 1164 2508 adhibere
1210 2465 1437 2507 manus
1486 2442 1565 2506 ad
1610 2443 1874 2508 vulnera
1916 2447 2140 2526 pastor
2345 2461 2447 2509 455

344 2533 621 2618 abnegat
668 2537 733 2596 et
778 2532 1045 2596 meliora
1088 2533 1239 2596 deos
1287 2533 1466 2596 sedet
1513 2532 1731 2596 omnia
1774 2554 2064 2616 poscens

344 2621 499 2705 quin
544 2620 765 2703 etiam,
808 2620 941 2683 ima
986 2620 1168 2684 dolor
1213 2619 1549 2683 balantum
1594 2620 1815 2705 lapsus
1863 2620 1943 2684 ad
1991 2642 2139 2684 ossa

343 2731 489 2774 cum
530 2708 689 2772 furit
737 2712 928 2789 atque
976 2712 1153 2772 artus
1201 2707 1565 2792 depascitur
1612 2708 1790 2772 arida
1823 2708 2062 2792 febris,

340 2796 586 2881 profuit
630 2797 923 2861 incensos
980 2799 1195 2860 aestus
1244 2800 1529 2859 avertere
1578 2799 1643 2859 et
1687 2796 1859 2860 inter

339 2886 471 2949 ima
514 2884 703 2949 ferire
748 2885 928 2969 pedis
976 2883 1310 2948 salientem
1359 2883 1670 2968 sanguine
1716 2906 1973 2969 venam,
2346 2900 2446 2948 460

339 2974 624 3038 Bisaltae
671 2994 797 3056 quo
843 2994 1019 3036 more
1066 2972 1276 3036 solent
1320 2994 1589 3055 acerque
1638 2970 1947 3056 Gelonus,

342 3085 487 3126 cum
531 3060 702 3147 fugit
744 3061 815 3123 in
857 3060 1217 3144 Rhodopen
1262 3064 1455 3145 atque
1499 3060 1570 3123 in
1615 3061 1869 3124 deserta
1917 3059 2225 3126 Getarum

333 3154 406 3213 ‘et
448 3150 549 3215 lac
595 3153 964 3214 concretum
1011 3170 1155 3212 cum
1203 3148 1514 3233 sanguine
1559 3152 1745 3233 potat
1792 3150 2041 3232 equin0.

342 3259 533 3320 quam
577 3237 802 3322 procul
848 3241 960 3299 aut
1004 3236 1185 3299 molli
1232 3237 1568 3301 succedere
1614 3237 1868 3320 saepius
1916 3238 2181 3301 umbrae

339 3325 573 3389 videris
619 3330 731 3389 aut
778 3346 1059 3388 summas
1106 3328 1473 3407 carpentem
1516 3323 1816 3409 ignavius
1861 3326 2092 3389 herbas
2345 3341 2447 3389 465

341 3416 815 3497 extremamque
861 3411 1044 3494 sequi
1090 3416 1203 3475 aut
1249 3413 1458 3476 medio
1505 3413 1925 3495 procumbere
1973 3435 2198 3498 campo

338 3504 706 3583 pascentem
751 3505 817 3566 et
862 3521 1039 3564 serae
1086 3498 1292 3563 solam
1339 3501 1637 3565 decedere
1682 3501 1886 3566 nocti:

340 3586 642 3652 continuo
690 3589 943 3673 culpam
988 3587 1159 3651 ferro
1207 3609 1566 3673 compesce,
1610 3589 1986 3674 priusquam
