2673 3925
948 263 1367 320 GEORGICON
1406 265 1536 321 LlB.
1574 265 1666 319 IV.
2221 267 2299 330 77

379 410 595 494 Atque
643 408 963 494 equidem,
1009 414 1294 474 extremo
1340 410 1411 473 ni
1455 409 1586 473 iam
1633 410 1751 473 sub
1798 410 1925 474 fine
1969 409 2267 473 laborum

293 500 436 564 vela
478 498 735 563 traham
781 502 845 562 et
889 499 1080 562 terris
1126 498 1429 562 festinem
1476 498 1803 562 advertere
1847 520 2136 583 proram,

293 587 571 652 forsitan
614 591 707 670 et,
748 586 1021 672 pingues
1067 587 1292 650 hortos
1342 608 1503 669 quae
1549 608 1702 650 cura
1747 586 1996 650 colendi

296 679 579 759 ornaret,
624 696 942 758 canerem,
988 675 1301 759 biferique
1347 674 1593 738 rosaria
1636 674 1884 759 Paesti,

297 785 547 848 quoque
593 764 781 827 modo
826 762 1000 847 potis
1049 762 1400 848 gauderent
1443 762 1655 826 intiba
1698 763 1853 827 rivis
2309 779 2409 828 120

297 856 361 915 et
405 851 637 915 virides
656 851 832 951 apio
879 850 1085 936 ripae,
1130 856 1469 934 tortusque
1514 873 1632 935 per
1673 850 1941 915 herbam

297 944 606 1004 cresceret
650 936 720 1003 in
764 944 1054 1004 ventrem
1100 939 1413 1025 cucumis3
1456 960 1575 1003 nec
1622 961 1762 1003 sera
1809 942 2171 1004 comantem

293 1028 652 1092 narcissum
697 1031 810 1091 aut
855 1027 1004 1091 flexi
1049 1027 1397 1092 tacuissem
1442 1027 1656 1091 vimen
1701 1028 1959 1092 acanthi

291 1116 733 1201 pallentesque
777 1116 1045 1180 hederas
1093 1121 1159 1180 et
1204 1120 1493 1179 amantes
1539 1116 1736 1180 litora
1779 1121 2050 1216 myrtos·

290 1226 571 1288 namque
617 1205 736 1267 sub
783 1202 1084 1268 Oebaliae
1131 1204 1397 1268 memini
1442 1225 1544 1267 me
1589 1203 1876 1267 turribus
1925 1204 2118 1289 arciS,
2309 1219 2408 1267 125

296 1314 425 1375 qua
466 1289 652 1377 niger
697 1296 981 1357 umectat
1022 1292 1328 1356 flaventia
1375 1292 1550 1356 culta
1597 1289 1933 1376 GalaesuS,

297 1378 640 1463 Corycium
684 1380 918 1444 vidisse
966 1402 1210 1465 senem,
1256 1380 1361 1445 cui
1405 1402 1612 1464 pauca
1657 1380 1867 1444 relicti

293 1468 521 1554 iugera
564 1467 730 1532 ruris
778 1473 987 1553 erant,
1031 1491 1150 1534 nec
1193 1469 1428 1534 fertilis
1472 1469 1586 1533 illa
1628 1467 1915 1533 iuvencis

293 1578 412 1621 nec
454 1556 673 1640 pecori
720 1562 1084 1642 opportuna
1130 1580 1313 1642 seges
1358 1579 1477 1621 nec
1524 1558 1861 1621 commoda
1904 1535 2179 1621 Baccho.

294 1644 399 1709 hic
444 1667 663 1708 rarum
708 1648 926 1708 tamen
969 1645 1040 1707 in
1085 1645 1293 1708 dumis
1343 1644 1484 1707 olus
1532 1644 1802 1728 albaque
1850 1644 2091 1709 circum
2308 1660 2408 1708 130

294 1732 434 1796 lilia
477 1733 915 1814 verbenasque
959 1754 1255 1816 premens
1301 1753 1689 1814 vescumque
1734 1754 2013 1816 papaver

295 1842 523 1905 regum
569 1821 887 1903 aequabat
934 1841 1087 1903 opes
1134 1819 1365 1883 animis
1415 1841 1678 1902 seraque
1723 1823 2049 1883 revertens

296 1912 487 1973 nocte
535 1907 795 1973 domum
841 1907 1113 1992 dapibus
1158 1929 1412 1974 mensas
1461 1907 1771 1972 onerabat
1813 1905 2137 1992 inemptis,

296 1997 542 2082 primus
587 2019 734 2061 vere
779 2019 996 2061 rosam
1041 2001 1233 2080 atque
1280 2001 1589 2060 autumno
1637 2017 1896 2080 carpere
1939 2019 2161 2081 poma,

299 2090 365 2150 et
410 2108 556 2150 cum
601 2085 808 2149 tristis
854 2085 1059 2149 hiems
1107 2085 1462 2150 etiamnum
1505 2085 1747 2170 frigore
1794 2107 1948 2148 saxa
2313 2101 2407 2150 135

297 2177 624 2258 rumperet
669 2178 733 2238 et
781 2173 985 2259 glacie
1031 2196 1254 2239 cursus
1299 2174 1583 2237 frenaret
1628 2196 1970 2258 aquarum,

295 2262 407 2326 ille
453 2284 705 2326 comam
749 2262 962 2326 mollis
1006 2262 1138 2327 iam
1182 2261 1496 2326 tondebat
1540 2262 1875 2346 hyacinthi

300 2354 611 2415 aestatem
653 2350 1046 2434 increpitans
1093 2373 1301 2414 seram
1346 2350 1785 2434 zephyrosque
1829 2354 2172 2414 morantes

301 2460 454 2523 ergo
502 2438 730 2521 apibus
775 2438 925 2502 fetis
972 2438 1142 2502 idem
1189 2441 1380 2520 atque
1427 2438 1717 2501 examine
1764 2437 1970 2501 multo

298 2526 544 2610 primus
593 2525 915 2589 abundare
962 2530 1028 2589 et
1074 2526 1440 2609 spumantia
1485 2547 1714 2610 cogere
1757 2525 1998 2608 pressis
2312 2541 2412 2590 140

300 2613 494 2677 mella
537 2612 728 2698 favis3
772 2613 870 2676 issi
916 2612 1094 2677 tiliae
1142 2617 1334 2696 atque
1379 2613 1704 2677 uberrima
1746 2613 1965 2698 pinuS,

302 2705 585 2786 quotque
628 2701 697 2764 in
741 2701 900 2764 flore
943 2723 1111 2765 novo
1156 2701 1368 2786 pomis
1416 2723 1484 2764 se
1527 2701 1761 2765 fertilis
1808 2701 1999 2765 arbos

299 2789 624 2872 induerat,
668 2789 940 2853 totidem
986 2795 1293 2854 autumno
1342 2793 1598 2853 matura
1641 2788 1920 2853 tenebat.

298 2877 410 2941 ille
458 2877 654 2941 etiam
699 2899 873 2941 seras
917 2877 988 2940 in
1032 2900 1286 2943 versum
1333 2878 1587 2942 distulit
1630 2877 1841 2940 ulmos

304 2967 688 3050 eduramque
730 2966 946 3050 pirum
991 2970 1055 3029 et
1101 2966 1320 3050 spinos
1365 2967 1496 3031 iam
1539 2987 1748 3049 pruna
1791 2965 2069 3029 ferentes
2314 2981 2411 3030 145

301 3054 557 3137 iamque
602 3053 1075 3118 ministrantem
1117 3055 1453 3139 platanum
1496 3053 1874 3138 potantibus
1919 3054 2198 3119 umbras·

301 3165 524 3207 verum
568 3141 727 3206 haec
769 3142 907 3226 ipse
954 3141 1247 3225 equidem
1293 3142 1522 3227 spatiis
1569 3141 1863 3206 exclusus
1907 3141 2148 3225 iniquis

301 3234 634 3315 praetereo
682 3234 875 3314 atque
922 3230 1064 3294 aliis
1108 3234 1260 3313 post
1305 3253 1406 3295 me
1453 3229 1865 3294 memoranda
1910 3229 2219 3314 relinquo,

392 3316 581 3382 Nunc
628 3339 776 3403 age,
820 3322 1085 3382 naturas
1133 3318 1360 3402 apibus
1409 3340 1568 3401 quas
1613 3317 1905 3402 Iuppiter
1949 3317 2088 3402 ipse

306 3405 575 3489 addidit,
621 3406 979 3491 expediam,
1021 3428 1139 3491 pro
1187 3428 1315 3489 qua
1359 3406 1647 3470 mercede
1694 3427 1962 3470 canoros
2314 3423 2414 3471 150

306 3492 611 3557 Curetum
657 3495 908 3558 sonitus
956 3493 1462 3578 crepitantiaque
1508 3516 1656 3558 aera
1701 3498 1957 3559 secutae

303 3581 574 3648 Dictaeo
620 3582 781 3646 caeli
825 3603 1044 3667 regem
1088 3603 1319 3666 pavere
1367 3582 1485 3645 sub
1534 3586 1737 3647 antro,
