2673 3925
394 237 479 301 32
1002 237 1062 290 Ρ.
1091 234 1388 290 VERGILI
1423 234 1749 289 MARONIS

392 379 595 445 iactat
640 383 706 445 et
748 377 893 465 ipsa
937 400 1087 443 suas
1133 378 1454 442 mirantur
1500 376 1788 464 Gargara
1833 400 2091 444 messes.

395 468 548 552 quid
592 468 826 553 dicam,
870 468 1040 532 iacto
1088 466 1198 550 qui
1234 466 1485 531 ‘semine
1530 466 1888 531 comminus
1934 490 2086 532 arva

392 556 753 639 insequitur
797 555 1212 638 cumulosque
1257 554 1391 619 ruit
1435 554 1601 619 male
1645 554 1905 640 pinguis
1950 555 2257 642 harenae,
2407 575 2507 626 105

396 643 619 707 deinde
667 644 825 708 satis
870 643 1138 707 fluvium
1180 642 1428 707 inducit
1471 642 1770 727 rivosque
1817 648 2182 728 sequentes,

395 736 486 816 et,
530 753 678 797 cum
722 736 985 796 exustus
1033 752 1185 816 ager
1228 730 1652 795 morientibus
1699 736 1951 796 aestuat
1994 730 2244 818 herbis,

395 840 540 884 ecce
587 819 930 905 supercilio
978 818 1202 884 clivosi
1248 818 1530 883 tramitis
1575 819 1812 883 undam

394 907 571 972 elicit
586 908 619 971 ‘3
664 907 778 973 ina
824 908 1053 972 cadens
1098 928 1364 972 raucum
1406 927 1522 991 per
1564 906 1731 971 levia
1775 930 2063 971 murmur

395 1018 550 1059 saxa
595 996 748 1079 ciet,
793 995 1229 1079 scatebrisque
1273 995 1522 1059 arentia
1567 998 1884 1079 temperat
1930 1017 2097 1060 arva.
2403 1016 2502 1066 110

395 1083 573 1167 quid,
619 1084 756 1168 qui,
798 1105 880 1149 ne
928 1083 1208 1170 gravidis
1252 1083 1638 1168 procumbat
1682 1082 1929 1148 culmus
1978 1083 2223 1170 aristis,

391 1171 708 1236 luxuriem
753 1176 1043 1258 segetum
1088 1176 1308 1236 tenera
1352 1170 1638 1256 depascit
1679 1171 1751 1234 in
1793 1171 2018 1256 herba,

392 1281 539 1324 cum
582 1259 864 1345 primum
910 1259 1121 1325 sulcos
1169 1264 1448 1343 aequant
1491 1259 1676 1324 sata?
1724 1259 1958 1343 quique
2001 1259 2256 1344 paludis

393 1346 733 1413 collectum
777 1370 1067 1412 umorem
1112 1348 1336 1413 bibula
1381 1347 1624 1412 diducit
1667 1347 1948 1412 harena?

388 1437 769 1520 praesertim
812 1436 1076 1500 incertis
1124 1436 1181 1500 si
1226 1435 1554 1500 mensibus
1602 1434 1806 1499 amnis
1854 1435 2184 1500 abundans
2399 1456 2500 1505 115

390 1524 522 1589 exit
567 1528 633 1587 et
680 1524 958 1589 obducto
1004 1523 1134 1588 late
1173 1527 1357 1588 tenet
1403 1522 1620 1588 omnia
1660 1522 1844 1609 limo,

387 1612 556 1676 unde
603 1633 794 1677 cavae
840 1611 1056 1696 tepido
1103 1612 1339 1676 sudant
1382 1632 1604 1676 umore
1647 1610 1932 1676 lacunae.

475 1698 612 1766 Nec
658 1705 902 1785 tamen,
945 1701 1104 1766 haec
1150 1722 1297 1765 cum
1343 1700 1475 1765 sint
1517 1700 1975 1852 110111111111ξ1ς116
1999 1699 2345 1785 boumque

1738 1810 1776 1851 a
1824 1809 1964 1852 ores

387 1876 698 1940 versando
745 1880 985 1941 terram
1032 1875 1306 1961 experti,
1348 1875 1514 1940 nihil
1557 1876 1890 1961 improbus
1939 1897 2125 1940 anser

389 1961 920 2049 Strymoniaeque
968 1986 1157 2051 grues
1204 1969 1271 2030 et
1314 1965 1549 2029 amaris
1593 1965 1805 2029 intiba
1846 1965 2028 2029 fibris
2394 1984 2497 2033 120

388 2052 682 2116 officiunt
727 2057 839 2116 aut
884 2054 1114 2117 umbra
1155 2057 1364 2117 nocet.
1410 2057 1594 2136 pater
1636 2053 1775 2137 ipse
1822 2052 2070 2118 colendi

384 2138 559 2203 haud
602 2138 858 2203 facilem
903 2162 1043 2205 esse
1088 2140 1258 2204 viam
1302 2140 1537 2224 voluit,
1580 2142 1950 2224 primusque
1994 2163 2109 2226 per
2155 2145 2361 2207 artem

387 2226 590 2291 movit
638 2247 829 2312 agros
877 2227 1046 2292 curis
1093 2249 1325 2291 acuens
1373 2227 1675 2291 mortalia
1719 2228 1938 2314 corda,

384 2336 503 2379 nec
547 2317 801 2399 torpere
849 2315 1029 2401 gravi
1072 2336 1301 2399 passus
1349 2337 1467 2379 sua
1510 2336 1710 2401 regna
1752 2321 2033 2382 veterno.

386 2407 534 2467 ante
578 2402 799 2468 Iovem
842 2403 1003 2467 nulli
1049 2403 1439 2489 subigebant
1483 2425 1636 2468 arva
1679 2404 1920 2490 coloni3
2389 2423 2492 2478 125

385 2513 465 2555 ne
511 2490 768 2576 signare
816 2491 1072 2574 quidem
1119 2497 1232 2556 aut
1274 2491 1506 2577 partiri
1549 2490 1756 2557 limite
1803 2514 2100 2576 campum
2191 2565 2196 2582 ,

383 2578 483 2643 fas
532 2583 693 2642 erat:
737 2578 807 2642 in
851 2579 1131 2644 medium
1177 2580 1597 2664 quaerebant,
1639 2579 1906 2664 ipsaque
1951 2582 2144 2646 tellus

387 2666 604 2731 omnia
645 2666 911 2730 liberius
955 2667 1134 2732 nullo
1179 2672 1485 2752 poscente
1528 2667 1794 2732 ferebat.

382 2754 492 2818 ille
538 2754 779 2818 malum
823 2753 997 2818 virus
1046 2755 1449 2838 serpentibus
1497 2755 1740 2820 addidit
1785 2756 1971 2841 atris,

382 2842 799 2927 praedarique
842 2841 1030 2926 lupos
1074 2842 1267 2907 iussit
1308 2847 1707 2927 pontumque
1752 2843 2023 2928 moveri,
2390 2864 2490 2914 130

382 2928 698 3013 mellaque
744 2929 1025 2995 decussit
1065 2929 1241 2995 foliis
1285 2930 1630 3017 ignemque
1673 2932 1946 2996 removit

382 3022 448 3082 et
492 3017 734 3101 passim
778 3018 933 3083 rivis
981 3018 1307 3092 currentia
1349 3019 1499 3084 vina
1541 3019 1873 3104 repressit,

381 3111 456 3170 ut
499 3104 707 3169 varias
754 3127 908 3171 usus
955 3106 1321 3172 meditando
1370 3107 1745 3172 extunderet
1789 3112 1959 3172 artes

377 3192 693 3277 paulatim
740 3198 805 3257 et
851 3194 1045 3260 sulcis
1090 3194 1399 3260 frumenti
1445 3199 1785 3297 quaereret.
1821 3195 2117 3282 herbam,

381 3286 456 3345 ut
502 3281 698 3346 silicis
744 3283 923 3347 venis
972 3284 1342 3348 abstrusum
1388 3283 1724 3348 excuderet
1766 3283 2001 3369 ignem.
2384 3300 2485 3352 136

379 3373 534 3434 tunc
581 3369 760 3435 alnos
807 3370 1088 3455 primum
1132 3370 1314 3436 fluvii
1361 3392 1615 3436 sensere
1662 3376 1946 3455 cavatas3

376 3457 598 3521 navita
642 3462 782 3522 tum
829 3458 1033 3523 stellis
1077 3479 1382 3523 numeros
1430 3463 1496 3522 et
1539 3458 1801 3522 nomina
1844 3457 2026 3539 fecit,

332 3607 337 3614 ,
376 3543 698 3630 Pleiadas,
742 3545 1034 3631 Hyadas,
1078 3546 1444 3631 claramque
1489 3544 1805 3629 Lycaonis
1851 3543 2123 3630 Arcton3
