2673 3925
349 233 436 296 42
970 234 1026 290 Ρ.
1058 232 1357 299 VERGILI
1393 231 1721 288 MARONIS

350 378 624 442 vidimus
667 377 1016 442 undantem
1059 377 1269 462 ruptis
1315 374 1686 441 fornacibus
1732 375 2036 461 Aetnam,

351 466 878 549 flammarumque
926 465 1154 551 globos
1199 464 1674 548 liquefactaque
1720 464 1975 529 volvere
2022 466 2200 529 saxa!

351 575 675 619 armorum
720 553 1007 617 sonitum
1049 557 1191 617 toto
1239 551 1584 617 Germania
1628 552 1805 617 caelo
1940 567 1943 568 ’

350 641 581 726 audiit,
623 641 905 706 insolitis
952 644 1355 705 tremuerunt
1399 640 1684 705 motibus
1729 640 1946 724 Alpes.
2355 659 2464 707 475

349 750 474 793 vox
521 750 775 813 quoque
819 750 934 814 per
976 728 1157 795 lucos
1200 708 1398 815 vulgo
1445 727 1746 792 exaudita
1790 728 2052 793 silentes

349 817 605 918 ingens,
649 821 716 882 et
758 816 1103 881 simulacra
1143 816 1353 881 modis
1397 816 1707 901 pallentia
1749 816 1930 880 miris

352 905 488 970 visa
533 905 652 970 sub
700 905 1044 970 obscurum
1087 904 1326 989 noctis3
1370 905 1767 989 pecudesque
1811 904 2067 970 locutae
2118 941 2203 951 -

349 993 705 1057 infandum!
760 1030 831 1039 —
884 992 1121 1057 sistunt
1168 1014 1386 1056 amnes
1433 995 1765 1076 terraeque
1811 992 2175 1074 dehiscunt,

350 1084 415 1145 et
460 1085 776 1145 maestum
819 1080 1184 1145 inlacrimat
1226 1079 1486 1165 templis
1533 1080 1691 1144 ebur
1734 1101 2008 1163 aeraque
2055 1042 2304 1145 sudant.
2352 1098 2460 1147 480

349 1167 592 1253 proluit
635 1168 864 1249 insano
913 1172 1342 1251 contorquens
1386 1167 1625 1233 vertice
1671 1166 1865 1232 silvas

350 1256 691 1321 fluviorum
734 1278 846 1320 rex
890 1256 1211 1320 Eridanus
1257 1277 1643 1341 camposque
1687 1277 1802 1340 per
1848 1276 2067 1319 omnes

353 1366 499 1408 cum
545 1344 817 1409 stabulis
864 1347 1154 1408 armenta
1196 1343 1365 1407 tulit.
1436 1364 1553 1409 nec
1597 1347 1886 1427 tempore
1933 1343 2157 1407 eodem

350 1431 646 1496 tristibus
692 1436 806 1497 aut
851 1431 1015 1495 extis
1060 1432 1260 1496 fibrae
1306 1431 1607 1514 adparere
1652 1431 1934 1496 minaces

352 1523 466 1583 aut
508 1519 717 1603 puteis
764 1540 1024 1583 manare
1070 1539 1258 1584 cruor
1304 1518 1577 1583 cessavit
1623 1522 1688 1582 et
1734 1518 1901 1582 altae
2353 1536 2457 1585 485

350 1627 464 1692 per
506 1610 764 1672 noctem
809 1628 1107 1671 resonare
1152 1605 1322 1691 lupis
1371 1605 1768 1670 ululantibus
1814 1607 2025 1670 urbes.
2106 1649 2115 1654 -

351 1716 484 1759 non
528 1694 688 1760 alias
734 1695 911 1759 caelo
959 1694 1323 1761 ceciderunt
1366 1694 1553 1778 plura
1597 1715 1822 1758 sereno

352 1782 613 1869 fulgura
655 1804 774 1848 nec
820 1783 940 1847 diri
986 1783 1223 1847 totiens
1271 1803 1484 1847 arsere
1530 1787 1833 1847 cometae.

351 1892 505 1957 ergo
551 1870 720 1936 inter
765 1893 902 1935 sese
946 1871 1210 1954 paribus
1257 1871 1632 1936 'concurrere
1679 1870 1825 1935 telis

351 1958 677 2024 Romanas
723 1959 891 2024 acies
936 1958 1173 2037 iterum
1218 1959 1430 2024 videre
1476 1957 1787 2044 Bhilippi3
2352 1978 2455 2027 490

350 2069 467 2114 nec
511 2047 639 2111 fuit
682 2047 1019 2132 indignum
1064 2047 1339 2131 superis,
1383 2046 1484 2111 bis
1533 2047 1843 2132 sanguine
1886 2050 2112 2111 nostro

351 2134 723 2199 Emathiam
769 2140 835 2198 et
879 2134 1048 2199 latos
1093 2133 1326 2199 Haemi
1370 2134 1787 2220 pinguescere
1833 2155 2110 2219 campos.

352 2222 597 2286 scilicet
643 2226 709 2286 et
752 2226 1004 2305 tempus
1050 2221 1289 2305 veniet,
1335 2243 1481 2285 cum
1525 2222 1762 2287 finibus
1808 2222 1938 2290 illis

352 2309 635 2396 agricola
675 2309 941 2374 incurvo
987 2313 1225 2374 terram
1270 2309 1535 2373 molitus
1582 2314 1798 2374 aratro

352 2420 540 2462 exesa
583 2397 882 2464 inveniet
913 2399 1139 2463 scabra
1182 2396 1478 2483 robigine
1523 2397 1681 2482 pila,
2350 2417 2454 2466 495

353 2491 464 2550 aut
511 2485 814 2572 gravibus
860 2485 1087 2550 rastris
1136 2484 1352 2571 galeas
1397 2485 1682 2569 pulsabit
1726 2485 1977 2570 inaneS‚
2419 2498 2423 2502 ’
2542 2486 2545 2489 ’

354 2574 744 2659 grandiaque
791 2574 1040 2638 effossis
1077 2574 1430 2638 mirabitur
1475 2595 1625 2638 ossa
1668 2574 1978 2657 sepulcris

352 2662 415 2726 di
458 2661 656 2746 patrii
698 2660 1014 2746 indigetes
1062 2666 1128 2725 et
1171 2660 1445 2725 Romule
1492 2650 1818 2744 Vestaque
1864 2665 2096 2746 mater,

353 2772 513 2833 quae
559 2748 838 2814 Tuscum
883 2748 1168 2812 Tiberim
1213 2752 1278 2813 et
1321 2746 1617 2812 Romana
1660 2748 1911 2814 Palatia
1956 2771 2201 2835 servas,

348 2838 520 2902 hunc
567 2836 796 2900 saltem
842 2857 1062 2901 everso
1106 2836 1405 2901 iuvenem
1450 2858 1813 2901 succurrere
1861 2838 2070 2902 saeclo
2351 2856 2453 2906 500

349 2946 429 2989 ne
474 2925 837 3010 prohibete!
884 2925 1043 2990 satis
1087 2924 1219 2989 iam
1263 2924 1510 3007 pridem
1557 2925 1866 3009 sanguine
1911 2930 2136 2990 nostro

349 3013 862 3077 Laomedonteae
905 3013 1141 3077 luimus
1186 3011 1466 3098 periuria
1509 3012 1763 3098 Troiae3

349 3101 480 3165 iam
524 3100 773 3185 pridem
815 3101 1004 3165 nobis
1051 3100 1211 3166 caeli
1256 3106 1321 3165 te
1365 3099 1570 3186 regia,
1617 3098 1877 3186 Caesar,

348 3188 594 3254 invidet
639 3192 830 3272 atque
875 3189 1209 3253 hominum
1256 3188 1545 3272 queritur
1591 3210 1810 3254 curare
1856 3189 2247 3275 triumpn0s3

352 3276 586 3361 quippe
615 3277 727 3341 ubi
753 3276 852 3340 fas
880 3298 1135 3341 versum
1163 3280 1357 3359 atque
1391 3276 1591 3361 nefas,
1626 3281 1729 3341 tot
1758 3277 1925 3342 bella
1949 3299 2064 3362 per
2093 3279 2334 3363 orbem,
2351 3294 2454 3343 505

351 3370 486 3428 tam
532 3365 773 3430 multae
820 3364 1128 3430 scelerum
1173 3364 1397 3450 facies3
1441 3385 1574 3428 non
1620 3365 1787 3428 ullus
1834 3369 2049 3429 aratro

352 3453 584 3538 dignus
630 3453 865 3537 honoS‚
909 3453 1206 3536 squalent
1251 3452 1543 3516 abductis
1590 3473 1743 3516 arva
1787 3453 2031 3516 colonis
2041 3502 2061 3537 ‚

354 3547 418 3605 et
464 3548 700 3606 curvae'
739 3541 1018 3627 rigidum
1062 3540 1259 3606 falces
1308 3540 1667 3616 conflantur
1710 3539 1779 3602 in
1825 3561 2058 3603 ensem.
