2673 3925
346 246 432 310 20
974 247 1034 303 Ρ.
1054 245 1350 302 VERGILI
1383 246 1709 303 MARONIS

346 391 629 455 carmina
673 396 901 476 coepta
945 391 1103 476 tuis,
1148 395 1340 476 atque
1383 390 1549 456 hanc
1595 391 1731 456 sine
1768 395 2061 476 tempora
2096 392 2336 458 circum

344 478 513 543 inter
556 478 851 545 victrices
896 479 1197 544 hederam
1242 479 1366 543 tibi
1410 500 1661 563 serpere
1705 479 1941 544 laurus.

432 566 696 652 Frigida
741 568 848 632 vix
893 568 1069 632 caelo
1113 567 1325 632 noctis
1371 568 1730 632 decesserat
1775 567 2030 653 umbra,

346 676 491 719 cum
536 676 643 719 ros
687 655 759 719 in
802 660 1024 720 tenera
1068 655 1284 739 pecori
1330 654 1738 756 gratissimus
1783 654 2011 740 herba,
2343 680 2408 730 15

343 742 719 808 incumbens
766 742 956 807 tereti
991 742 1249 808 Damon
1295 743 1387 807 616
1434 743 1646 826 coepit
1684 742 1905 807 olivae.

431 829 509 894 D.
530 829 810 896 Nascere
833 852 1109 915 praeque
1138 830 1307 894 diem
1333 831 1594 895 veniens
1620 852 1758 916 age,
1779 830 2056 916 Lucifer,
2079 831 2339 919 almum,

346 919 638 1004 coniugis
682 919 950 1004 indigno
995 917 1213 1002 Nysae
1258 919 1562 1003 deceptus
1610 940 1826 983 amore

345 1006 497 1070 dum
543 1029 776 1090 queror
820 1011 887 1071 et
933 1006 1145 1107 (11106,
1191 1028 1578 1090 quamquam
1613 1006 1709 1070 nil
1753 1006 2027 1071 testibus
2071 1006 2202 1071 11116

342 1093 612 1178 profeci,
658 1099 942 1159 extrema
987 1094 1265 1159 moriens
1311 1099 1528 1158 tamen
1574 1095 1884 1178 adloquor
1927 1093 2103 1158 hora.
2337 1119 2406 1170 20

342 1181 551 1266 incipe
596 1181 946 1247 Maenalios
993 1204 1273 1267 mecum,
1317 1204 1460 1246 mea
1504 1181 1693 1267 tibia,
1737 1204 1975 1247 versus.

342 1268 672 1334 Maenalus
720 1276 1145 1356 argutumque
1187 1292 1415 1334 nemus
1458 1270 1771 1355 pinosque
1815 1270 2148 1355 loquentes

344 1378 594 1442 semper
635 1356 861 1443 habet,
907 1381 1157 1459 semper
1200 1362 1535 1443 pastorum
1577 1358 1688 1423 ille
1734 1358 1913 1422 audit
1959 1380 2209 1423 amores

343 1443 673 1545 Panaque,
718 1446 829 1529 qui
873 1446 1118 1530 primus
1164 1446 1444 1510 calamos
1488 1466 1621 1508 non
1663 1467 1892 1530 passus
1935 1445 2190 1510 inertes.

340 1532 551 1616 incipe
596 1497 949 1598 Maenalios
996 1555 1275 1618 mecum,
1320 1555 1463 1597 mea
1506 1532 1697 1617 tibia,
1742 1554 1979 1597 versus.
2335 1560 2403 1609 25

341 1619 569 1705 Mopso
616 1619 796 1722 Nysa
839 1622 1052 1686 datur:
1100 1620 1253 1705 quid
1294 1642 1427 1684 non
1471 1621 1841 1705 speremus?
1888 1624 2175 1687 amantes

339 1708 689 1794 iungentur
729 1709 861 1775 iam
907 1731 1139 1796 grypes
1186 1709 1393 1793 equis,
1437 1730 1719 1792 aevoque
1765 1709 2057 1792 sequenti

342 1818 487 1861 cum
532 1797 796 1862 canibus
840 1797 1105 1863 timidae
1149 1797 1408 1862 venient
1452 1797 1532 1861 ad
1575 1797 1806 1882 pocula
1850 1798 2156 1862 dammae.

340 1883 592 1972 Mopse,
633 1907 833 1951 novas
878 1886 1087 1951 incide
1131 1886 1334 1951 faces:
1381 1884 1502 1948 tibi
1548 1885 1801 1950 ducitur
1845 1906 2022 1949 uxor.

342 1995 598 2059 sparge,
641 1975 896 2059 marite,
940 1996 1160 2039 nuces:
1206 1974 1328 2039 tibi
1374 1973 1609 2038 deserit
1652 1974 1980 2057 Hesperus
2028 1972 2271 2039 Oetam.
2334 2002 2401 2051 30

338 2062 549 2144 incipe
594 2061 946 2127 Maenalios
992 2084 1269 2147 mecum,
1313 2083 1458 2125 mea
1501 2061 1689 2146 tibia,
1732 2083 1970 2126 versus.

343 2172 380 2216 o
425 2149 620 2234 digno
667 2149 1009 2214 coniuncta
1052 2150 1217 2235 viro,
1260 2149 1413 2212 dum
1457 2149 1730 2233 despicis
1777 2169 2025 2233 omnes,

341 2241 643 2320 dumquef
661 2236 784 2301 tibi
829 2242 928 2301 est
975 2237 1120 2301 odio
1168 2259 1310 2302 mea
1353 2235 1596 2320 fistula,
1641 2237 1917 2318 dumque
1964 2237 2242 2322 capellae

338 2327 784 2408 hirsutumque
830 2324 1241 2410 supercilium
1283 2323 1724 2409 promissaque
1771 2324 1999 2411 barba,

337 2437 455 2480 nec
503 2434 722 2476 curare
769 2413 956 2477 deum
1001 2412 1204 2478 credis
1250 2411 1551 2477 mortalia
1596 2433 1996 2495 quemquam.
2330 2439 2399 2491 35

336 2503 545 2588 incipe
592 2500 942 2565 Maenalios
988 2523 1265 2586 mecum,
1308 2521 1452 2565 mea
1495 2499 1688 2585 tibia,
1730 2522 1968 2566 versus.

340 2589 637 2676 saepibus
681 2588 751 2651 in
793 2589 1032 2652 nostris
1077 2611 1342 2672 parvam
1387 2592 1450 2651 te
1495 2588 1746 2653 roscida
1790 2589 1959 2653 mala
2004 2624 2089 2635 —

339 2679 465 2742 dux
509 2696 629 2761 ego
674 2680 886 2739 166161
930 2698 1104 2740 eram
1149 2713 1234 2723 -
1279 2677 1411 2741 vidi
1456 2697 1599 2739 cum
1645 2680 1848 2741 matre
1892 2677 2229 2761 legentem.

338 2767 499 2831 alter
544 2768 623 2831 ab
669 2763 1005 2828 undecimo
1051 2769 1191 2829 tum
1235 2787 1338 2829 me
1380 2765 1512 2830 iam
1557 2769 1885 2850 acceperat
1929 2786 2158 2829 annus:

335 2854 466 2918 iam
510 2850 772 2939 fragiles
817 2856 1109 2936 poteram
1155 2875 1193 2917 a
1237 2857 1409 2918 terra
1454 2852 1821 2938 contingere
1867 2873 2097 2918 ramos·
2328 2878 2395 2931 40

334 2946 409 3005 ut
455 2942 612 3025 vidi,
656 2943 731 3003 ut
774 2939 960 3023 perii!
1007 2945 1081 3004 ut
1126 2963 1227 3005 me
1272 2944 1479 3008 malus
1526 2940 1795 3004 abstulit
1841 2942 2040 3005 error!

332 3027 543 3114 incipe
587 2993 940 3093 Maenalios
985 3050 1260 3115 mecum,
1305 3054 1450 3097 mea
1491 3027 1684 3113 tibia,
1726 3049 1963 3092 versus.

332 3138 502 3182 nunc
549 3117 711 3203 scio,
756 3115 908 3199 quid
953 3117 1040 3181 sit
1085 3116 1312 3183 Amor:
1360 3121 1533 3184 duris
1577 3115 1647 3178 in
1665 3078 1944 3180 cotibus
1986 3115 2169 3181 illum

335 3209 447 3268 aut
490 3204 758 3271 Tmaros
804 3209 916 3268 aut
960 3204 1270 3289 Rhodope
1316 3212 1428 3271 aut
1472 3202 1739 3272 extremi
1786 3202 2206 3267 Garamantes

331 3314 450 3358 nec
496 3294 745 3378 generis
791 3292 997 3357 nostri
1038 3315 1307 3377 puerum
1351 3317 1469 3360 nec
1514 3290 1843 3374 sanguinis
1888 3290 2100 3355 edunt.
2321 3315 2392 3369 45

330 3380 541 3467 incipe
586 3381 937 3447 Maenalios
982 3402 1258 3465 mecum,
1302 3404 1447 3446 mea
1489 3375 1676 3461 tibia,
1720 3399 1958 3441 versus,

333 3490 559 3535 saevus
603 3469 806 3535 Amor
851 3467 1068 3533 (1061111
1102 3472 1404 3533 natorum
1449 3464 1757 3548 sanguine
1802 3471 2074 3531 matrem

333 3559 795 3624 commaculare
841 3577 1093 3639 manus,
1139 3555 1432 3619 crudelis!
1479 3560 1552 3619 tu
1599 3573 1878 3640 quoque,
1922 3560 2153 3645 mater,
