2673 3925
1004 242 1417 297 GEORGICON
1453 238 1585 297 ΜΒ.
1623 243 1690 299 11.
2084 328 2088 334 Ι
2256 242 2340 305 53
2394 305 2399 309 ,

346 392 458 452 aut
501 409 723 472 presso
771 409 1058 452 exercere
1106 389 1315 452 solum
1363 388 1481 451 sub
1527 408 1782 451 vomere
1830 391 1894 451 et
1937 387 2080 470 ipsa

344 477 596 541 flectere
641 476 958 540 luctantes
1003 475 1173 540 inter
1216 476 1434 540 vineta
1477 475 1808 559 iuvencos3

345 569 484 628 tum
529 563 699 628 leves
747 564 1026 629 calamos
1073 569 1139 628 et
1183 585 1365 627 rasae
1410 563 1674 627 hastilia
1717 564 1936 647 virgae

344 652 787 735 fraxineasque
835 656 1055 735 aptare
1104 654 1291 716 sudes
1338 651 1676 734 furcasque
1720 650 2035 735 valentes,

344 740 586 803 viribus
633 739 792 812 eniti
839 761 1108 823 quarum
1153 746 1219 805 et
1264 744 1666 804 contemnere
1712 743 1937 803 ventos

347 828 725 892 adsuescant
770 850 1176 911 summasque
1224 828 1406 910 sequi
1452 827 1751 891 tabulata·
1780 830 1902 910 ⁴per
1946 825 2172 889 ulmos.

431 915 527 980 Ac
575 917 727 979 dum
771 916 981 1000 prima
1022 916 1206 980 novis
1255 916 1563 980 adolescit
1607 915 1940 979 frondibus
1989 918 2192 998 aetas,

343 1005 731 1087 parcendum
755 1004 1041 1087 teneris,
1088 1009 1152 1068 et
1199 1005 1351 1067 dum
1398 1026 1465 1067 se
1510 1003 1717 1067 laetus
1766 1003 1844 1065 ad
1890 1024 2076 1065 auras

342 1091 586 1176 palmes
635 1091 772 1177 agit
816 1091 978 1155 laxis
1024 1114 1137 1176 per
1179 1114 1413 1175 purum
1456 1091 1782 1155 immissus
1828 1090 2094 1154 habenis
2106 1140 2124 1173 ,

342 1180 486 1263 ipsa
530 1179 665 1243 acie
709 1180 994 1243 nondum
1037 1179 1238 1243 falcis·
1271 1179 1662 1262 temptanda,
1706 1178 1815 1242 sed
1861 1178 2042 1242 uncis

347 1268 695 1351 carpendae
736 1267 1054 1332 'manibus
1079 1267 1336 1331 frondes
1383 1267 1674 1350 interque
1719 1266 2040 1351 legendae.

344 1355 491 1418 inde
535 1356 646 1418 ubi
690 1355 822 1419 iam
867 1355 1092 1419 validis
1141 1355 1469 1438 amplexae
1514 1354 1823 1438 stirpibus
1869 1353 2078 1417 ulmos

347 1442 642 1526 exierint,
687 1447 826 1507 tum
874 1443 1116 1528 stringe
1165 1464 1408 1527 comaS‚
1452 1448 1592 1506 tum
1637 1441 1937 1506 bracchia
1982 1441 2190 1505 tonde.

347 1535 494 1594 ante
540 1531 960 1595 reformidant
1003 1531 1271 1595 ferrum:
1317 1536 1460 1594 tum
1506 1529 1776 1612 denique
1823 1530 1981 1593 dura

345 1640 564 1682 exerce
608 1619 878 1702 imperia
923 1622 988 1682 et
1031 1640 1244 1682 ramos
1293 1640 1622 1702 compesce
1668 1618 1955 1681 fluentes,

431 1706 762 1770 Texendae
811 1728 1031 1789 saepes
1078 1706 1273 1769 etiam
1318 1710 1385 1770 et
1427 1728 1620 1790 pecus
1660 1707 1854 1769 'omne
1900 1705 2270 1789 tenendum,

344 1793 684 1877 praecipue
730 1793 882 1856 dum
926 1793 1103 1857 frons
1150 1797 1371 1857 tenera
1412 1794 1905 1877 imprudensque
1950 1792 2270 1877 laborum3

347 1881 451 1945 cui
497 1902 687 1965 super
729 1880 1027 1966 indignas
1073 1880 1314 1945 hiemes
1364 1881 1687 1966 solemque
1732 1884 2063 1966 potentem

348 1968 670 2033 silvestres
716 1969 817 2032 uri
840 1966 1122 2033 'adsidue
1169 1991 1520 2054 capraeque
1568 1991 1869 2053 sequaces

316 2057 660 2141 inludunt.
732 2062 1083 2141 pascuntur
1129 2079 1277 2121 oves
1326 2058 1670 2140 avidaeque
1714 2058 2043 2121 iuvencae:

344 2144 590 2230 frigora
631 2166 751 2210 nec
795 2148 1048 2208 tantum
1095 2167 1253 2210 cana
1297 2150 1595 2210 concreta
1637 2146 1867 2229 pruina

346 2237 459 2296 aut
505 2233 717 2318 gravis
762 2233 1137 2298 incumbens
1184 2234 1465 2317 scopulis
1513 2234 1840 2298 arentibus
1889 2238 2097 2297 aestas
2107 2286 2125 2318 ‚

346 2326 658 2402 quantum
701 2321 799 2384 illi
842 2342 1116 2385 nocuere
1165 2343 1391 2406 greges
1439 2322 1704 2404 durique
1747 2343 2062 2385 venenum

346 2408 552 2471 dentis
600 2413 666 2471 et
711 2409 1006 2472 admorso
1052 2409 1309 2494 signata
1352 2409 1423 2472 in
1467 2409 1666 2493 stirpe
1713 2409 1991 2473 cicatrix.

344 2517 476 2558 non
520 2495 712 2559 aliam
760 2497 840 2559 ob
889 2495 1141 2579 culpam
1186 2496 1442 2560 Baccho
1490 2518 1678 2581 caper
1725 2497 2021 2560 omnibus
2072 2498 2198 2560 aris

347 2582 631 2646 caeditur
677 2588 741 2646 et
785 2587 1030 2647 veteres
1075 2584 1299 2647 ineunt
1342 2585 1719 2668 proscaenia
1761 2585 1923 2668 ludi,

343 2670 751 2753 praemiaque
796 2670 1072 2754 ingeniis
1117 2693 1319 2757 pagos
1367 2677 1433 2736 et
1479 2673 1760 2756 compita
1805 2672 2043 2737 circum

344 2757 655 2822 Thesidae
700 2779 969 2842 posuere
1017 2763 1207 2841 atque
1252 2760 1423 2823 inter
1466 2761 1698 2844 pocula
1741 2761 1895 2824 laeti

346 2845 646 2909 mollibus
691 2846 761 2908 in
803 2847 1005 2930 pratis
1052 2852 1282 2911 unctos
1329 2848 1575 2912 saluere
1619 2870 1734 2932 per
1778 2852 1970 2911 utreS.

344 2955 461 2997 nec
505 2955 638 2997 non
679 2932 979 3017 Ausonii,
1023 2934 1218 2998 Troia
1265 2956 1420 3020 gens
1466 2937 1690 3019 missa,
1735 2935 1945 2999 coloni

342 3021 633 3085 versibus
678 3021 1022 3105 incomptis
1069 3022 1298 3085 ludunt
1343 3024 1601 3107 risuque
1650 3023 1862 3086 soluto

344 3130 581 3192 oraque
628 3109 972 3174 corticibus
1020 3115 1283 3174 sumunt
1326 3111 1643 3175 horrenda
1689 3111 1929 3174 cavatis

303 3256 309 3261 .
343 3201 408 3260 et
452 3201 547 3281 te,
590 3196 869 3281 Bacche,
912 3202 1147 3262 vocant
1190 3220 1304 3281 per
1350 3200 1634 3263 carmina
1677 3198 1848 3263 laeta
1891 3199 2138 3282 tibique

345 3284 568 3348 oscilla
612 3306 689 3349 ex
735 3285 867 3348 alta
912 3286 1307 3369 suspendunt
1353 3287 1574 3351 mollia
1615 3287 1788 3370 pinu.

341 3370 493 3436 hinc
540 3373 744 3438 omnis
790 3372 973 3458 largo
1019 3374 1313 3457 pubescit
1359 3375 1546 3439 vinea
1590 3374 1753 3460 fetu,

344 3459 741 3542 complentur
784 3460 1107 3544 vallesque
1153 3482 1344 3526 cavae
1390 3462 1716 3545 saltusque
1760 3462 2059 3546 profundi

344 3551 408 3609 et
456 3568 851 3631 quocumque
899 3550 1051 3613 deus
1100 3550 1340 3614 circum
1387 3555 1578 3633 caput
1624 3551 1759 3634 egit
1802 3550 2160 3614 honestum.

2343 753 2445 802 360

2343 1191 2444 1240 365

2344 1632 2446 1680 370

2346 2072 2447 2121 375

2344 2513 2445 2561 380

2345 2952 2444 3000 385

2344 3390 2443 3437 390
