2673 3925
345 283 431 349 84
1042 286 1101 340 P.
1121 284 1419 340 VERGILI
1455 286 1779 340 MARONIS

340 432 685 514 postquam
730 434 829 494 est
871 429 943 492 in
987 428 1255 493 thalami
1298 429 1646 513 pendentia
1687 429 1941 514 pumice
1987 434 2162 495 tecta

340 521 718 601 perventum
762 522 829 582 et
870 517 1010 581 nati
1054 518 1243 581 fletus
1292 517 1596 602 cognovit
1639 517 1863 581 inanes
2347 534 2449 582 375

343 603 613 691 Cyrene,
656 605 954 669 manibus
1000 605 1278 689 liquidos
1325 606 1483 669 dant
1528 605 1748 670 ordine
1790 604 2006 670 fontes

344 714 681 778 germanae
727 692 1058 777 tonsisque
1102 692 1320 758 ferunt
1364 693 1672 757 mantelia
1714 693 1911 778 villis3

340 802 490 865 pars
536 780 741 866 epulis
788 786 1055 845 onerant
1100 803 1353 846 mensas
1401 785 1467 845 et
1507 781 1699 865 plena
1742 783 2063 864 reponunt

339 869 597 953 pocula,
637 869 992 933 Panchaeis
1038 869 1414 935 adolescunt
1456 869 1718 954 ignibus
1765 891 1928 934 arae.

342 961 407 1022 et
450 962 656 1022 mater
703 958 842 1042 ‘cap
845 979 879 1022 e
924 955 1204 1022 Maeonii
1250 956 1576 1057 carchesia
1618 956 1883 1022 Bacchi:
2346 972 2449 1021 380

341 1044 593 1110 Oceano
637 1044 934 1109 libemus’
983 1045 1090 1109 ait.
1165 1045 1358 1109 simu]
1400 1045 1544 1129 ipsa
1586 1050 1886 1128 precatur

342 1131 789 1216 Oceanumque
833 1137 1085 1217 patrem
1128 1155 1343 1197 rerum
1387 1132 1849 1217 Nymphasque
1896 1152 2177 1218 sorores,

341 1225 598 1285 centum
644 1242 805 1304 quae
852 1221 1073 1306 silvas,
1117 1226 1375 1286 centum
1422 1243 1582 1306 quae
1627 1220 1895 1285 flumina
1939 1226 2214 1285 servant.

340 1313 439 1373 ter
480 1309 725 1393 liquido
773 1310 1099 1373 ardentem
1143 1309 1429 1393 perfudit
1472 1314 1729 1374 nectare
1772 1308 2070 1393 Vestam,

339 1402 438 1462 ter
481 1397 742 1461 flamma
786 1398 866 1461 ad
912 1420 1232 1461 summum
1275 1397 1436 1461 tecti
1482 1397 1772 1462 subiecta
1814 1397 2066 1461 reluxit.
2331 1412 2449 1461 885

340 1485 552 1549 omine
600 1506 724 1585 quo
769 1485 1031 1548 firmans
1080 1485 1365 1548 animum
1412 1485 1504 1549 sic
1548 1485 1777 1569 incipit
1819 1485 1987 1568 ipsa.

428 1572 583 1636 Est
626 1572 697 1636 in
741 1569 1089 1656 Carpathio
1135 1570 1425 1656 Neptuni
1473 1573 1728 1673 gurgite
1773 1577 1954 1636 vates

340 1659 665 1725 caeruleus
709 1657 1012 1746 ProteuS,
1057 1682 1364 1745 magnum
1410 1660 1519 1761 qui
1563 1660 1848 1745 piscibus
1895 1681 2133 1744 aequor

339 1754 405 1813 et
447 1748 669 1813 iuncto
714 1711 1017 1833 bipedum
1062 1770 1252 1813 curru
1296 1748 1563 1813 metitur
1608 1770 1935 1832 equorum

338 1837 443 1901 hic
486 1857 657 1901 nunc
702 1836 1044 1901 Emathiae
1087 1841 1314 1921 portus
1361 1836 1763 1921 patriamque
1806 1836 2031 1901 revisit
2346 1853 2447 1901 390

336 1924 670 2009 Pallenen,
714 1925 884 1990 hunc
928 1929 995 1990 et
1039 1923 1379 2010 Nymphae
1425 1946 1802 1990 veneramur
1847 1930 1912 1990 et
1955 1925 2094 2009 ipse

340 2014 736 2100 grandaevus
781 2012 1058 2098 Nereus3
1100 2014 1284 2078 novit
1328 2035 1605 2098 namque
1653 2014 1869 2078 omnia
1911 2018 2123 2097 vateS,

340 2123 500 2186 quae
547 2102 695 2184 sint,
741 2123 902 2185 quae
946 2101 1205 2184 fuerint,
1252 2121 1413 2184 quae
1459 2123 1610 2166 mox
1654 2106 1924 2166 ventura
1968 2102 2340 2187 trahantur3

340 2189 572 2272 quippe
616 2188 713 2252 ita
755 2187 1059 2272 Neptuno
1106 2188 1315 2252 visum
1362 2193 1487 2273 est,
1530 2189 1840 2253 immania
1885 2189 2065 2254 cuius

339 2281 628 2341 armenta
672 2280 739 2340 et
781 2279 1000 2360 turpes
1045 2275 1255 2359 pascit
1301 2276 1421 2339 sub
1470 2276 1727 2360 gurgite
1772 2276 2030 2361 phocas,
2343 2294 2447 2342 395

336 2364 443 2429 hic
488 2364 637 2449 tibi,
679 2368 857 2447 nate,
900 2363 1078 2446 prius
1125 2362 1352 2427 vinclis
1399 2363 1770 2448 capiendae,
1814 2369 1890 2427 ut
1938 2386 2192 2430 omnem

337 2452 632 2537 expediat
675 2451 886 2516 morbi
932 2473 1192 2516 causam
1238 2457 1626 2535 eventusque
1674 2451 1994 2517 secundet.

335 2562 487 2604 nam
534 2540 669 2604 sine
713 2539 779 2603 vi
822 2561 954 2604 non
998 2539 1132 2603 ulla
1176 2540 1357 2604 dabit
1399 2544 1768 2625 praecepta,
1810 2561 2016 2624 neque
2060 2541 2249 2605 11111111

339 2628 577 2692 orando
623 2628 869 2712 flectes,
913 2626 1046 2692 vim
1092 2628 1316 2691 duram
1363 2633 1429 2692 et
1472 2628 1729 2692 vincula
1774 2633 1963 2713 capto

336 2716 553 2801 tende3
600 2715 730 2779 doli
778 2715 1016 2779 circum
1060 2715 1219 2781 haec
1264 2715 1521 2780 demum
1565 2714 1947 2802 frangentur
1991 2717 2232 2782 inanes.
2343 2735 2446 2783 400

334 2805 478 2889 ipsa
523 2825 642 2904 ego
689 2806 782 2888 te,
827 2803 1070 2868 medios
1118 2825 1263 2869 cum
1308 2802 1409 2868 sol
1455 2804 1815 2868 accenderit
1860 2809 2106 2889 aestuS,

337 2914 483 2957 cum
528 2891 758 2956 sitiunt
802 2891 1038 2955 herbae
1084 2895 1150 2955 et
1194 2891 1412 2976 pecori
1455 2892 1586 2955 iam
1634 2892 1879 2977 gratior
1924 2894 2155 2957 umbra
2200 2897 2326 2978 est,

334 2980 405 3043 in
450 2984 694 3044 secreta
739 2979 909 3044 senis
956 2980 1209 3065 ducam,
1256 3000 1382 3063 quo
1427 2979 1636 3044 fessus
1683 2981 1764 3044 ab
1811 2981 1998 3045 undis

336 3089 404 3133 se
447 3067 704 3150 recipit,
747 3067 935 3132 facile
979 3071 1054 3132 ut
1100 3088 1324 3131 somno
1374 3067 1744 3153 adgrediare
1787 3068 2120 3135 iacentem.

336 3177 556 3220 verum
598 3118 712 3219 ub'i
757 3159 1123 3239 correptum
1166 3156 1465 3220 manibus
1510 3155 1863 3240 vinclisque
1907 3157 2155 3221 teneb1s
2164 3206 2182 3239 ,
2343 3173 2447 3222 405

335 3248 475 3307 tum
518 3243 731 3308 variae
777 3244 1037 3308 eludent
1083 3244 1326 3328 species
1375 3249 1566 3327 atque
1615 3256 1728 3309 ora
1772 3244 2071 3309 ferarum.

332 3332 448 3396 fiet
492 3331 662 3396 enim
709 3331 926 3396 subito
974 3353 1084 3396 sus
1129 3332 1427 3396 horridus
1476 3336 1741 3416 atraque
1788 3332 1977 3417 tigris

335 3441 839 3503 squamosusque
886 3420 1077 3484 draco
1125 3424 1190 3484 et
1233 3419 1411 3484 fulva
1456 3420 1698 3484 cervice
1743 3419 1990 3503 leaena,

334 3511 446 3570 aut
492 3529 701 3572 acrem
747 3509 1043 3572 flammae
1090 3508 1374 3573 sonitum
1421 3508 1601 3572 dabit
1648 3512 1838 3591 atque
1882 3507 1979 3572 ita
2022 3509 2251 3573 vinclis

333 3594 606 3681 excidet,
652 3599 765 3660 aut
807 3597 878 3659 in
925 3616 1124 3679 aquas
1170 3600 1394 3660 tenues
1444 3595 1726 3680 dilapsus
1775 3595 1998 3661 abibit.
2344 3615 2447 3663 410
