2673 3925
368 230 408 294 6
1000 229 1056 282 Ρ.
1079 226 1375 283 VERGILI
1409 227 1672 283 MARON
1674 228 1736 282 IS

366 375 559 457 atque
606 372 882 457 superba
923 372 1062 456 pati
1106 371 1412 436 fastidia?
1456 392 1668 436 11011110
1714 371 2096 437 Menalcan?
2425 393 2500 440 15

370 459 1430 648 ‘guffrsssssssflssuffirffefflfflss
1446 460 1903 612 Zsseifflffiz
1918 460 2134 526 ³⁸⁸⁰⁸³'

370 636 519 700 alba
558 635 836 721 ligustra
880 635 1142 720 cadunt,
1186 635 1475 700 vaccinia
1518 635 1707 720 nigra
1749 635 2070 736 leguntur.

371 726 705 808 despectus
752 723 873 788 tibi
919 745 1089 808 sum,
1125 686 1251 788 hec
1297 723 1409 806 qui
1455 723 1578 788 sim
1625 724 1906 807 quaeris,
1950 723 2139 788 Alexi
2151 778 2177 809 ,⁶

371 834 563 896 quam
608 812 782 877 dives
825 811 1102 896 pecoris,
1143 811 1314 891 nivei
1360 832 1554 894 quam
1597 811 1784 876 lactis
1832 812 2180 877 abundans.
2412 831 2489 881 20

370 900 545 965 mille
590 922 769 966 meae
817 897 1048 965 Siculis
1094 904 1310 964 errant
1355 900 1427 963 in
1469 899 1800 964 montibus
1846 921 2078 987 agnae3

368 989 470 1054 lac
515 988 674 1053 mihi
716 1009 850 1053 non
895 992 1139 1052 aestate
1183 1009 1452 1071 novum,
1495 1009 1627 1052 non
1671 987 1912 1074 frigore
1959 989 2129 1053 defit.

371 1080 589 1161 canto,
636 1097 797 1160 quae
842 1075 1100 1159 solitus,
1145 1076 1201 1140 si
1247 1076 1501 1160 quando
1548 1080 1841 1141 armenta
1883 1079 2184 1161 vocabat,

370 1164 700 1249 Amphion
742 1164 1051 1229 Dircaeus
1096 1164 1167 1228 in
1210 1164 1456 1228 Actaeo
1503 1163 1895 1248 Aracyntho,

368 1275 487 1318 nec
533 1275 676 1317 sum
722 1252 879 1317 adeo
923 1252 1245 1318 informis:
1289 1274 1494 1337 nuper
1539 1274 1641 1316 me
1685 1253 1756 1316 in
1799 1253 1988 1316 litore
2035 1253 2193 1337 vidi,
2413 1272 2486 1321 25

371 1364 518 1406 cum
561 1341 885 1425 placidum
929 1341 1137 1406 ventis
1184 1344 1388 1405 staret
1433 1362 1624 1404 mare.
1695 1362 1828 1404 non
1874 1362 1994 1426 ego
2040 1341 2368 1426 Daphnim

368 1429 578 1494 iudice
623 1433 689 1493 te
734 1433 1047 1513 metuam,
1092 1428 1148 1492 si
1191 1449 1542 1510 numquam
1587 1427 1757 1491 fallit
1800 1427 2036 1514 imago.

373 1540 410 1582 o
456 1521 714 1580 tantum
757 1516 957 1581 libeat
1002 1538 1251 1580 mecum
1297 1516 1420 1579 tibi
1467 1515 1724 1580 sordida
1766 1537 1918 1579 rura

372 1609 563 1688 atque
608 1604 883 1669 humiles
928 1604 1221 1668 habitare
1268 1625 1449 1668 casas
1498 1608 1563 1667 et
1608 1604 1803 1688 figere
1850 1625 2071 1669 cervos

369 1693 843 1777 haedorumque
891 1709 1152 1778 gregem
1194 1692 1384 1756 viridi
1429 1691 1807 1776 compellere
1851 1692 2128 1757 hibisco!
2409 1711 2483 1760 30

249 1836 253 1841 .
370 1803 620 1846 mecum
663 1802 791 1845 una
833 1781 904 1845 in
949 1781 1127 1845 silvis
1172 1780 1509 1845 imitabere
1553 1779 1734 1844 Pana
1777 1781 2078 1845 canendo.

368 1869 508 1934 Pan
549 1869 796 1953 primus
843 1858 1123 1933 calamos
1170 1891 1315 1934 cera
1361 1868 1747 1954 coniungere
1792 1868 2008 1956 plures

320 1973 323 1976 “
368 1957 683 2042 instituit,
725 1955 865 2021 Pan
909 1961 1092 2022 curat
1139 1979 1288 2021 oves
1336 1956 1676 2040 oviumque
1723 1957 2087 2042 magistros

368 2068 485 2110 1100
531 2050 594 2109 te
640 2044 966 2129 paeniteat
1012 2044 1257 2108 calamo
1305 2044 1561 2108 trivisse
1605 2043 1937 2109 labellum:

369 2134 526 2198 haec
569 2133 793 2196 eadem
836 2136 910 2195 ut
956 2132 1173 2216 sciret,
1219 2132 1373 2214 quid
1415 2152 1549 2195 non
1591 2131 1871 2196 faciebat
1916 2132 2282 2217 Amyntas?
2364 2120 2481 2201 35

371 2226 471 2285 est
513 2219 673 2284 mihi
719 2219 1079 2303 disparibus
1126 2224 1374 2303 septem
1420 2223 1756 2303 compacta
1802 2219 2029 2285 cicutis

370 2309 613 2391 fistula,
657 2307 1007 2371 Damoetas
1037 2307 1221 2371 (10110
1267 2306 1428 2370 1111111
1475 2330 1667 2391 quam
1713 2307 1908 2371 dedit
1935 2308 2118 2393 olim,

371 2401 438 2462 et
482 2395 643 2462 dixit
686 2394 992 2460 moriens:
1040 2394 1136 2460 ‘te
1179 2416 1350 2460 nunc
1394 2394 1591 2459 habet
1635 2395 1766 2459 ista
1810 2396 2201 2462 secundum.’
2249 2393 2250 2400 '

371 2484 534 2549 dixit
577 2483 958 2568 Damoetas,
1000 2483 1232 2548 invidit
1278 2483 1517 2548 stultus
1563 2483 1899 2568 Amyntas.

369 2576 702 2657 praeterea
746 2572 900 2656 du0,
942 2593 1061 2636 nec
1105 2576 1250 2636 tuta
1294 2571 1454 2635 mihi
1499 2571 1664 2636 valle
1711 2573 1974 2657 reperti,
2409 2591 2478 2641 4ο

371 2659 679 2744 capreoli,
725 2658 965 2743 sparsis
1012 2659 1210 2724 etiam
1251 2681 1423 2724 nunc
1468 2659 1745 2743 pellibus
1793 2660 1970 2745 alb03

369 2748 526 2812 bina
570 2747 670 2811 die
717 2746 961 2812 siccant
1008 2747 1145 2811 ovis
1192 2748 1417 2832 ubera3
1462 2768 1623 2830 quos
1669 2747 1793 2811 tibi
1839 2770 2040 2813 servo.

367 2836 501 2901 iam
544 2835 793 2920 pridem
840 2858 878 2898 a
921 2857 1022 2899 me
1067 2835 1214 2899 illos
1262 2835 1575 2901 abducere
1619 2835 1943 2920 Thestylis
1993 2841 2161 2902 orat:

372 2929 437 2989 et
481 2923 703 3007 faciet,
749 2923 1053 3006 quoniam
1099 2924 1361 2987 sordent
1406 2922 1530 2987 tibi
1576 2946 1843 2988 munera
1885 2930 2125 2990 nostra.

368 3011 497 3076 huc
542 3011 690 3076 ades
700 3061 719 3095 ,
765 3032 802 3075 o
849 3011 1129 3076 formose
1174 3033 1360 3095 puer:
1405 3011 1527 3076 tibi
1573 3010 1712 3075 lilia
1755 3012 1962 3096 plenis
2409 3030 2477 3080 45

369 3121 515 3164 0000
559 3097 775 3163 ferunt
820 3097 1160 3183 Nymphae
1206 3099 1506 3184 calathis3
1552 3098 1675 3163 tibi
1722 3100 1990 3165 candida
2033 3097 2221 3183 Nais,

367 3187 680 3273 pauentes
725 3186 929 3251 violas
977 3191 1042 3251 et
1086 3209 1338 3252 summa
1380 3209 1701 3272 papavera
1746 3209 2040 3272 carpens,

367 3274 725 3375 narcissum
771 3278 837 3339 et
881 3274 1106 3340 florem
1148 3275 1364 3361 iungit
1411 3276 1569 3340 bene
1618 3274 1852 3340 olentis
1901 3275 2145 3361 anethi3

367 3368 537 3448 tum,
582 3362 756 3428 casia
799 3367 992 3448 atque
1039 3363 1180 3428 aliis
1224 3363 1519 3428 intexens
1565 3363 1869 3428 suavibus
1915 3363 2163 3449 herbis,

367 3445 588 3553 mollia
632 3451 876 3516 luteola
918 3451 1132 3537 pingit
1176 3451 1465 3517 vaccinia
1511 3450 1743 3516 caltha.
2410 3467 2471 3518 50

365 3539 505 3625 ipse
553 3562 673 3628 ego
721 3562 883 3605 cana
926 3540 1141 3628 legam
1186 3545 1408 3605 tenera
1451 3538 1756 3625 lanugine
1802 3526 1973 3605 mala
