<?xml version="1.0" encoding="UTF-8"?>
<!DOCTYPE html PUBLIC "-//W3C//DTD XHTML 1.0 Transitional//EN"
    "http://www.w3.org/TR/xhtml1/DTD/xhtml1-transitional.dtd">
<html xmlns="http://www.w3.org/1999/xhtml" xml:lang="en" lang="en">
 <head>
  <title>
</title>
<meta http-equiv="Content-Type" content="text/html;charset=utf-8" />
  <meta name='ocr-system' content='tesseract 3.04.00' />
  <meta name='ocr-capabilities' content='ocr_page ocr_carea ocr_par ocr_line ocrx_word'/>
</head>
<body>
  <div class='ocr_page' id='page_1' title='image "./pvergilimaronis00gtgoog/pvergilimaronis00gtgoog_0029.png"; bbox 0 0 2673 3925; ppageno 0'>
   <div class='ocr_carea' id='block_1_1' title="bbox 869 846 1658 936">
    <p class='ocr_par' dir='ltr' id='par_1_1' title="bbox 869 846 1658 936">
     <span class='ocr_line' id='line_1_1' title="bbox 869 846 1658 936; baseline 0.001 -2"><span class='ocrx_word' id='word_1_1' title='bbox 869 846 1658 936; x_wconf 81' lang='lat' dir='ltr'>BUOOLICA.</span> 
     </span>
    </p>
   </div>
   <div class='ocr_carea' id='block_1_2' title="bbox 728 1050 1803 1265">
    <p class='ocr_par' dir='ltr' id='par_1_2' title="bbox 728 1050 1803 1265">
     <span class='ocr_line' id='line_1_2' title="bbox 1046 1050 1490 1119; baseline -0.002 -1"><span class='ocrx_word' id='word_1_2' title='bbox 1046 1050 1397 1119; x_wconf 81' lang='lat' dir='ltr'><strong>ECLOGA</strong></span> <span class='ocrx_word' id='word_1_3' title='bbox 1439 1052 1490 1117; x_wconf 94' lang='grc' dir='ltr'>Ι.</span> 
     </span>
     <span class='ocr_line' id='line_1_3' title="bbox 728 1207 1803 1265; baseline 0.002 -3"><span class='ocrx_word' id='word_1_4' title='bbox 728 1207 1296 1264; x_wconf 78' lang='lat' dir='ltr'><strong>MELIBOEUS.</strong></span> <span class='ocrx_word' id='word_1_5' title='bbox 1369 1207 1803 1265; x_wconf 81' lang='lat' dir='ltr'>TITYRUS.</span> 
     </span>
    </p>
   </div>
   <div class='ocr_carea' id='block_1_3' title="bbox 267 1366 2336 1807">
    <p class='ocr_par' dir='ltr' id='par_1_3' title="bbox 267 1366 2336 1807">
     <span class='ocr_line' id='line_1_4' title="bbox 358 1366 2188 1457; baseline -0.001 -22"><span class='ocrx_word' id='word_1_6' title='bbox 358 1370 442 1435; x_wconf 88' lang='lat' dir='ltr'>M.</span> <span class='ocrx_word' id='word_1_7' title='bbox 488 1371 735 1457; x_wconf 77' lang='lat' dir='ltr'>Tityre,</span> <span class='ocrx_word' id='word_1_8' title='bbox 779 1375 853 1435; x_wconf 74' lang='lat' dir='ltr'>tu</span> <span class='ocrx_word' id='word_1_9' title='bbox 895 1371 1153 1455; x_wconf 77' lang='lat' dir='ltr'>patulae</span> <span class='ocrx_word' id='word_1_10' title='bbox 1199 1370 1512 1436; x_wconf 79' lang='lat' dir='ltr'>recubans</span> <span class='ocrx_word' id='word_1_11' title='bbox 1560 1370 1678 1436; x_wconf 90' lang='lat' dir='ltr'>sub</span> <span class='ocrx_word' id='word_1_12' title='bbox 1724 1370 2006 1456; x_wconf 59' lang='lat' dir='ltr'>segmine</span> <span class='ocrx_word' id='word_1_13' title='bbox 2051 1366 2188 1454; x_wconf 83' lang='lat' dir='ltr'>fagi</span> 
     </span>
     <span class='ocr_line' id='line_1_5' title="bbox 268 1459 1802 1528; baseline 0 -5"><span class='ocrx_word' id='word_1_14' title='bbox 268 1459 628 1525; x_wconf 71' lang='lat' dir='ltr'>silvestrem</span> <span class='ocrx_word' id='word_1_15' title='bbox 673 1459 853 1525; x_wconf 77' lang='lat' dir='ltr'>tenui</span> <span class='ocrx_word' id='word_1_16' title='bbox 898 1482 1149 1528; x_wconf 84' lang='lat' dir='ltr'>musam</span> <span class='ocrx_word' id='word_1_17' title='bbox 1194 1460 1525 1525; x_wconf 76' lang='lat' dir='ltr'>meditaris</span> <span class='ocrx_word' id='word_1_18' title='bbox 1573 1481 1802 1524; x_wconf 85' lang='lat' dir='ltr'>avena:</span> 
     </span>
     <span class='ocr_line' id='line_1_6' title="bbox 267 1548 1862 1633; baseline 0 -22"><span class='ocrx_word' id='word_1_19' title='bbox 267 1568 387 1612; x_wconf 87' lang='lat' dir='ltr'>nos</span> <span class='ocrx_word' id='word_1_20' title='bbox 432 1549 679 1633; x_wconf 74' lang='lat' dir='ltr'>patriae</span> <span class='ocrx_word' id='word_1_21' title='bbox 723 1548 884 1614; x_wconf 89' lang='lat' dir='ltr'>fines</span> <span class='ocrx_word' id='word_1_22' title='bbox 930 1553 998 1613; x_wconf 75' lang='lat' dir='ltr'>et</span> <span class='ocrx_word' id='word_1_23' title='bbox 1042 1548 1253 1613; x_wconf 83' lang='lat' dir='ltr'>dulcia</span> <span class='ocrx_word' id='word_1_24' title='bbox 1295 1548 1647 1633; x_wconf 81' lang='lat' dir='ltr'>linquimus</span> <span class='ocrx_word' id='word_1_25' title='bbox 1695 1570 1862 1613; x_wconf 84' lang='lat' dir='ltr'>arva.</span> 
     </span>
     <span class='ocr_line' id='line_1_7' title="bbox 268 1635 2153 1721; baseline -0.001 -22"><span class='ocrx_word' id='word_1_26' title='bbox 268 1658 388 1700; x_wconf 87' lang='lat' dir='ltr'>nos</span> <span class='ocrx_word' id='word_1_27' title='bbox 433 1637 712 1721; x_wconf 75' lang='lat' dir='ltr'>patriam</span> <span class='ocrx_word' id='word_1_28' title='bbox 756 1636 1068 1721; x_wconf 83' lang='lat' dir='ltr'>fugimus:</span> <span class='ocrx_word' id='word_1_29' title='bbox 1113 1640 1214 1720; x_wconf 74' lang='lat' dir='ltr'>tn,</span> <span class='ocrx_word' id='word_1_30' title='bbox 1258 1636 1507 1719; x_wconf 77' lang='lat' dir='ltr'>Tityre,</span> <span class='ocrx_word' id='word_1_31' title='bbox 1551 1636 1763 1700; x_wconf 56' lang='lat' dir='ltr'>lenius</span> <span class='ocrx_word' id='word_1_32' title='bbox 1807 1636 1880 1699; x_wconf 87' lang='lat' dir='ltr'>in</span> <span class='ocrx_word' id='word_1_33' title='bbox 1922 1635 2153 1699; x_wconf 90' lang='lat' dir='ltr'>umbra</span> 
     </span>
     <span class='ocr_line' id='line_1_8' title="bbox 269 1723 2336 1807; baseline -0 -20"><span class='ocrx_word' id='word_1_34' title='bbox 269 1724 624 1790; x_wconf 83' lang='lat' dir='ltr'><strong>formosam</strong></span> <span class='ocrx_word' id='word_1_35' title='bbox 668 1744 967 1789; x_wconf 88' lang='lat' dir='ltr'>resonare</span> <span class='ocrx_word' id='word_1_36' title='bbox 1016 1724 1203 1789; x_wconf 87' lang='lat' dir='ltr'>dooes</span> <span class='ocrx_word' id='word_1_37' title='bbox 1249 1723 1650 1807; x_wconf 81' lang='lat' dir='ltr'>Amaryllida</span> <span class='ocrx_word' id='word_1_38' title='bbox 1694 1724 1907 1787; x_wconf 81' lang='lat' dir='ltr'>silvas.</span> <span class='ocrx_word' id='word_1_39' title='bbox 2190 1757 2192 1760; x_wconf 31' lang='lat' dir='ltr'>v</span> <span class='ocrx_word' id='word_1_40' title='bbox 2304 1738 2336 1786; x_wconf 85' lang='lat'><strong>5</strong></span> 
     </span>
    </p>
   </div>
   <div class='ocr_carea' id='block_1_4' title="bbox 148 1804 1862 1894">
    <p class='ocr_par' dir='ltr' id='par_1_4' title="bbox 148 1804 1862 1894">
     <span class='ocr_line' id='line_1_9' title="bbox 148 1804 1862 1894; baseline -0.001 -19"><span class='ocrx_word' id='word_1_41' title='bbox 148 1804 154 1810; x_wconf 74' lang='grc'><strong><em>’</em></strong></span> <span class='ocrx_word' id='word_1_42' title='bbox 270 1811 339 1875; x_wconf 87' lang='grc' dir='ltr'>Τ.</span> <span class='ocrx_word' id='word_1_43' title='bbox 388 1810 441 1875; x_wconf 94' lang='grc' dir='ltr'>Ο</span> <span class='ocrx_word' id='word_1_44' title='bbox 486 1811 829 1894; x_wconf 81' lang='lat' dir='ltr'>Meliboee,</span> <span class='ocrx_word' id='word_1_45' title='bbox 873 1811 1028 1875; x_wconf 89' lang='lat' dir='ltr'>deus</span> <span class='ocrx_word' id='word_1_46' title='bbox 1073 1810 1261 1874; x_wconf 89' lang='lat' dir='ltr'>nobis</span> <span class='ocrx_word' id='word_1_47' title='bbox 1307 1810 1468 1875; x_wconf 86' lang='lat' dir='ltr'>haee</span> <span class='ocrx_word' id='word_1_48' title='bbox 1515 1810 1649 1874; x_wconf 78' lang='lat' dir='ltr'>otia</span> <span class='ocrx_word' id='word_1_49' title='bbox 1691 1809 1862 1875; x_wconf 72' lang='lat' dir='ltr'>feeit.</span> 
     </span>
    </p>
   </div>
   <div class='ocr_carea' id='block_1_5' title="bbox 268 1898 2375 3659">
    <p class='ocr_par' dir='ltr' id='par_1_5' title="bbox 271 1898 2036 1985">
     <span class='ocr_line' id='line_1_10' title="bbox 271 1898 2036 1985; baseline -0.001 -21"><span class='ocrx_word' id='word_1_50' title='bbox 271 1921 546 1985; x_wconf 88' lang='lat' dir='ltr'>namque</span> <span class='ocrx_word' id='word_1_51' title='bbox 593 1899 716 1964; x_wconf 71' lang='lat' dir='ltr'>erit</span> <span class='ocrx_word' id='word_1_52' title='bbox 757 1899 865 1962; x_wconf 85' lang='lat' dir='ltr'>ille</span> <span class='ocrx_word' id='word_1_53' title='bbox 911 1898 1071 1962; x_wconf 84' lang='lat' dir='ltr'>mihi</span> <span class='ocrx_word' id='word_1_54' title='bbox 1117 1920 1367 1984; x_wconf 83' lang='lat' dir='ltr'>semper</span> <span class='ocrx_word' id='word_1_55' title='bbox 1411 1899 1593 1983; x_wconf 88' lang='lat' dir='ltr'>deus,</span> <span class='ocrx_word' id='word_1_56' title='bbox 1635 1898 1811 1962; x_wconf 82' lang='lat' dir='ltr'>illius</span> <span class='ocrx_word' id='word_1_57' title='bbox 1858 1919 2036 1962; x_wconf 89' lang='lat' dir='ltr'>aram</span> 
     </span>
    </p>

    <p class='ocr_par' dir='ltr' id='par_1_6' title="bbox 274 1987 1986 2073">
     <span class='ocr_line' id='line_1_11' title="bbox 274 1987 1986 2073; baseline -0.001 -20"><span class='ocrx_word' id='word_1_58' title='bbox 274 2010 463 2073; x_wconf 83' lang='lat' dir='ltr'>saepe</span> <span class='ocrx_word' id='word_1_59' title='bbox 508 1991 690 2053; x_wconf 70' lang='lat' dir='ltr'>tener</span> <span class='ocrx_word' id='word_1_60' title='bbox 732 1987 972 2052; x_wconf 75' lang='lat' dir='ltr'>nostris</span> <span class='ocrx_word' id='word_1_61' title='bbox 1018 1988 1099 2052; x_wconf 92' lang='lat' dir='ltr'>ab</span> <span class='ocrx_word' id='word_1_62' title='bbox 1148 1988 1424 2052; x_wconf 84' lang='lat' dir='ltr'>ovilibus</span> <span class='ocrx_word' id='word_1_63' title='bbox 1468 1988 1721 2052; x_wconf 77' lang='lat' dir='ltr'>imbuet</span> <span class='ocrx_word' id='word_1_64' title='bbox 1764 2008 1986 2073; x_wconf 88' lang='lat' dir='ltr'>agnus.</span> 
     </span>
    </p>

    <p class='ocr_par' dir='ltr' id='par_1_7' title="bbox 273 2075 1896 2160">
     <span class='ocr_line' id='line_1_12' title="bbox 273 2075 1896 2160; baseline 0 -20"><span class='ocrx_word' id='word_1_65' title='bbox 273 2076 381 2140; x_wconf 89' lang='lat' dir='ltr'>ille</span> <span class='ocrx_word' id='word_1_66' title='bbox 426 2098 603 2142; x_wconf 90' lang='lat' dir='ltr'>meas</span> <span class='ocrx_word' id='word_1_67' title='bbox 648 2098 859 2143; x_wconf 89' lang='lat' dir='ltr'>errare</span> <span class='ocrx_word' id='word_1_68' title='bbox 905 2076 1130 2160; x_wconf 81' lang='lat' dir='ltr'>boves,</span> <span class='ocrx_word' id='word_1_69' title='bbox 1174 2081 1249 2141; x_wconf 74' lang='lat' dir='ltr'>ut</span> <span class='ocrx_word' id='word_1_70' title='bbox 1293 2077 1528 2160; x_wconf 83' lang='lat' dir='ltr'>cernis,</span> <span class='ocrx_word' id='word_1_71' title='bbox 1573 2081 1639 2141; x_wconf 72' lang='lat' dir='ltr'>et</span> <span class='ocrx_word' id='word_1_72' title='bbox 1681 2075 1896 2160; x_wconf 90' lang='lat' dir='ltr'>ipsum</span> 
     </span>
    </p>

    <p class='ocr_par' dir='ltr' id='par_1_8' title="bbox 271 2163 2372 2427">
     <span class='ocr_line' id='line_1_13' title="bbox 271 2163 2372 2250; baseline 0 -21"><span class='ocrx_word' id='word_1_73' title='bbox 271 2165 514 2250; x_wconf 88' lang='lat' dir='ltr'>ludere,</span> <span class='ocrx_word' id='word_1_74' title='bbox 559 2186 719 2250; x_wconf 91' lang='lat' dir='ltr'>quae</span> <span class='ocrx_word' id='word_1_75' title='bbox 765 2165 1021 2249; x_wconf 86' lang='lat' dir='ltr'>vellem,</span> <span class='ocrx_word' id='word_1_76' title='bbox 1064 2164 1310 2230; x_wconf 84' lang='lat' dir='ltr'>calamo</span> <span class='ocrx_word' id='word_1_77' title='bbox 1355 2165 1663 2250; x_wconf 70' lang='lat' dir='ltr'>permisit</span> <span class='ocrx_word' id='word_1_78' title='bbox 1695 2163 1954 2250; x_wconf 80' lang='lat' dir='ltr'>agresti.</span> <span class='ocrx_word' id='word_1_79' title='bbox 2309 2180 2372 2229; x_wconf 85' lang='grc' dir='ltr'>ιο</span> 
     </span>
     <span class='ocr_line' id='line_1_14' title="bbox 271 2251 2267 2340; baseline -0.001 -23"><span class='ocrx_word' id='word_1_80' title='bbox 271 2252 355 2317; x_wconf 89' lang='lat' dir='ltr'>M.</span> <span class='ocrx_word' id='word_1_81' title='bbox 402 2251 553 2317; x_wconf 88' lang='lat' dir='ltr'>Non</span> <span class='ocrx_word' id='word_1_82' title='bbox 598 2253 891 2339; x_wconf 88' lang='lat' dir='ltr'>equidem</span> <span class='ocrx_word' id='word_1_83' title='bbox 934 2253 1215 2338; x_wconf 82' lang='lat' dir='ltr'>invide03</span> <span class='ocrx_word' id='word_1_84' title='bbox 1260 2254 1462 2318; x_wconf 82' lang='lat' dir='ltr'>miror</span> <span class='ocrx_word' id='word_1_85' title='bbox 1505 2253 1742 2340; x_wconf 83' lang='lat' dir='ltr'>magis3</span> <span class='ocrx_word' id='word_1_86' title='bbox 1786 2252 2064 2337; x_wconf 87' lang='lat' dir='ltr'>undique</span> <span class='ocrx_word' id='word_1_87' title='bbox 2106 2252 2267 2317; x_wconf 76' lang='lat' dir='ltr'>totis</span> 
     </span>
     <span class='ocr_line' id='line_1_15' title="bbox 272 2305 1952 2443; baseline 0 -37"><span class='ocrx_word' id='word_1_88' title='bbox 272 2363 472 2426; x_wconf 88' lang='lat' dir='ltr'>usque</span> <span class='ocrx_word' id='word_1_89' title='bbox 519 2342 677 2406; x_wconf 89' lang='lat' dir='ltr'>adeo</span> <span class='ocrx_word' id='word_1_90' title='bbox 723 2342 1025 2406; x_wconf 55' lang='lat' dir='ltr'>turbamur</span> <span class='ocrx_word' id='word_1_91' title='bbox 1070 2305 1261 2427; x_wconf 83' lang='lat' dir='ltr'>agris.</span> <span class='ocrx_word' id='word_1_92' title='bbox 1334 2364 1444 2427; x_wconf 85' lang='lat' dir='ltr'>en,</span> <span class='ocrx_word' id='word_1_93' title='bbox 1489 2343 1628 2443; x_wconf 86' lang='lat' dir='ltr'>ipse</span> <span class='ocrx_word' id='word_1_94' title='bbox 1675 2341 1952 2426; x_wconf 83' lang='lat' dir='ltr'>capellas</span> 
     </span>
    </p>

    <p class='ocr_par' dir='ltr' id='par_1_9' title="bbox 270 2429 2144 2516">
     <span class='ocr_line' id='line_1_16' title="bbox 270 2429 2144 2516; baseline 0.001 -23"><span class='ocrx_word' id='word_1_95' title='bbox 270 2429 564 2515; x_wconf 79' lang='lat' dir='ltr'>protinus</span> <span class='ocrx_word' id='word_1_96' title='bbox 611 2450 801 2515; x_wconf 83' lang='lat' dir='ltr'>aeger</span> <span class='ocrx_word' id='word_1_97' title='bbox 848 2451 998 2516; x_wconf 85' lang='lat' dir='ltr'>ag03</span> <span class='ocrx_word' id='word_1_98' title='bbox 1041 2429 1209 2496; x_wconf 81' lang='lat' dir='ltr'>hano</span> <span class='ocrx_word' id='word_1_99' title='bbox 1254 2430 1450 2495; x_wconf 74' lang='lat' dir='ltr'>etiam</span> <span class='ocrx_word' id='word_1_100' title='bbox 1493 2430 1628 2515; x_wconf 84' lang='lat' dir='ltr'>vix,</span> <span class='ocrx_word' id='word_1_101' title='bbox 1672 2429 1920 2514; x_wconf 71' lang='lat' dir='ltr'>Tityre,</span> <span class='ocrx_word' id='word_1_102' title='bbox 1965 2430 2144 2494; x_wconf 84' lang='lat' dir='ltr'>duoO.</span> 
     </span>
    </p>

    <p class='ocr_par' dir='ltr' id='par_1_10' title="bbox 271 2518 2104 2619">
     <span class='ocr_line' id='line_1_17' title="bbox 271 2518 2104 2619; baseline -0.001 -36"><span class='ocrx_word' id='word_1_103' title='bbox 271 2518 377 2583; x_wconf 87' lang='lat' dir='ltr'>hio</span> <span class='ocrx_word' id='word_1_104' title='bbox 421 2518 591 2581; x_wconf 78' lang='lat' dir='ltr'>inter</span> <span class='ocrx_word' id='word_1_105' title='bbox 638 2518 864 2583; x_wconf 88' lang='lat' dir='ltr'>densas</span> <span class='ocrx_word' id='word_1_106' title='bbox 912 2518 1162 2602; x_wconf 80' lang='lat' dir='ltr'>corylos</span> <span class='ocrx_word' id='word_1_107' title='bbox 1208 2519 1405 2583; x_wconf 87' lang='lat' dir='ltr'>modo</span> <span class='ocrx_word' id='word_1_108' title='bbox 1445 2540 1721 2619; x_wconf 83' lang='lat' dir='ltr'>namque</span> <span class='ocrx_word' id='word_1_109' title='bbox 1769 2518 2104 2603; x_wconf 77' lang='lat' dir='ltr'>gemelloS,</span> 
     </span>
    </p>

    <p class='ocr_par' dir='ltr' id='par_1_11' title="bbox 274 2606 2372 2778">
     <span class='ocr_line' id='line_1_18' title="bbox 274 2606 2372 2698; baseline -0 -28"><span class='ocrx_word' id='word_1_110' title='bbox 274 2627 453 2690; x_wconf 90' lang='lat' dir='ltr'>spem</span> <span class='ocrx_word' id='word_1_111' title='bbox 499 2606 743 2698; x_wconf 80' lang='lat' dir='ltr'>gregiS,</span> <span class='ocrx_word' id='word_1_112' title='bbox 788 2628 854 2690; x_wconf 87' lang='lat' dir='ltr'>a,</span> <span class='ocrx_word' id='word_1_113' title='bbox 898 2606 1077 2671; x_wconf 83' lang='lat' dir='ltr'>silice</span> <span class='ocrx_word' id='word_1_114' title='bbox 1121 2607 1192 2670; x_wconf 88' lang='lat' dir='ltr'>in</span> <span class='ocrx_word' id='word_1_115' title='bbox 1235 2607 1409 2671; x_wconf 90' lang='lat' dir='ltr'>nuda</span> <span class='ocrx_word' id='word_1_116' title='bbox 1453 2606 1682 2671; x_wconf 83' lang='lat' dir='ltr'>conixa</span> <span class='ocrx_word' id='word_1_117' title='bbox 1724 2606 2002 2690; x_wconf 71' lang='lat' dir='ltr'>reliquit.</span> <span class='ocrx_word' id='word_1_118' title='bbox 2309 2621 2372 2669; x_wconf 85' lang='lat'>15</span> 
     </span>
     <span class='ocr_line' id='line_1_19' title="bbox 274 2657 2199 2779; baseline 0 -21"><span class='ocrx_word' id='word_1_119' title='bbox 274 2716 460 2778; x_wconf 89' lang='lat' dir='ltr'>saepe</span> <span class='ocrx_word' id='word_1_120' title='bbox 506 2657 749 2759; x_wconf 88' lang='lat' dir='ltr'>malum</span> <span class='ocrx_word' id='word_1_121' title='bbox 792 2693 917 2760; x_wconf 87' lang='lat' dir='ltr'>hoo</span> <span class='ocrx_word' id='word_1_122' title='bbox 960 2694 1177 2779; x_wconf 79' lang='lat' dir='ltr'>nobiS,</span> <span class='ocrx_word' id='word_1_123' title='bbox 1222 2694 1278 2759; x_wconf 92' lang='lat' dir='ltr'>si</span> <span class='ocrx_word' id='word_1_124' title='bbox 1324 2716 1505 2759; x_wconf 90' lang='lat' dir='ltr'>mens</span> <span class='ocrx_word' id='word_1_125' title='bbox 1550 2716 1683 2759; x_wconf 89' lang='grc' dir='ltr'>ιιοιι</span> <span class='ocrx_word' id='word_1_126' title='bbox 1725 2694 1908 2759; x_wconf 84' lang='lat' dir='ltr'>laeva</span> <span class='ocrx_word' id='word_1_127' title='bbox 1951 2693 2199 2778; x_wconf 71' lang='lat' dir='ltr'>fuisset,</span> 
     </span>
    </p>

    <p class='ocr_par' dir='ltr' id='par_1_12' title="bbox 274 2782 1874 2884">
     <span class='ocr_line' id='line_1_20' title="bbox 274 2782 1874 2884; baseline 0.001 -38"><span class='ocrx_word' id='word_1_128' title='bbox 274 2783 347 2846; x_wconf 93' lang='lat' dir='ltr'>de</span> <span class='ocrx_word' id='word_1_129' title='bbox 396 2782 571 2848; x_wconf 83' lang='lat' dir='ltr'>caelo</span> <span class='ocrx_word' id='word_1_130' title='bbox 617 2786 824 2848; x_wconf 75' lang='lat' dir='ltr'>tactas</span> <span class='ocrx_word' id='word_1_131' title='bbox 870 2783 1134 2846; x_wconf 89' lang='lat' dir='ltr'>memini</span> <span class='ocrx_word' id='word_1_132' title='bbox 1176 2783 1549 2884; x_wconf 83' lang='lat' dir='ltr'>praedicere</span> <span class='ocrx_word' id='word_1_133' title='bbox 1588 2805 1874 2866; x_wconf 84' lang='lat' dir='ltr'>quereus.</span> 
     </span>
    </p>

    <p class='ocr_par' dir='ltr' id='par_1_13' title="bbox 274 2870 2055 2955">
     <span class='ocr_line' id='line_1_21' title="bbox 274 2870 2055 2955; baseline 0 -21"><span class='ocrx_word' id='word_1_134' title='bbox 274 2871 383 2934; x_wconf 89' lang='lat' dir='ltr'>sed</span> <span class='ocrx_word' id='word_1_135' title='bbox 428 2875 674 2954; x_wconf 75' lang='lat' dir='ltr'>tamen,</span> <span class='ocrx_word' id='word_1_136' title='bbox 720 2870 844 2934; x_wconf 78' lang='lat' dir='ltr'>iste</span> <span class='ocrx_word' id='word_1_137' title='bbox 892 2871 1046 2935; x_wconf 91' lang='lat' dir='ltr'>deus</span> <span class='ocrx_word' id='word_1_138' title='bbox 1094 2871 1204 2954; x_wconf 90' lang='lat' dir='ltr'>qui</span> <span class='ocrx_word' id='word_1_139' title='bbox 1251 2871 1364 2955; x_wconf 72' lang='lat' dir='ltr'>sib,</span> <span class='ocrx_word' id='word_1_140' title='bbox 1410 2872 1515 2955; x_wconf 90' lang='lat' dir='ltr'>da,</span> <span class='ocrx_word' id='word_1_141' title='bbox 1561 2870 1807 2955; x_wconf 72' lang='lat' dir='ltr'>Tityre,</span> <span class='ocrx_word' id='word_1_142' title='bbox 1851 2871 2055 2935; x_wconf 89' lang='lat' dir='ltr'>nobis.</span> 
     </span>
    </p>

    <p class='ocr_par' dir='ltr' id='par_1_14' title="bbox 271 2956 2373 3219">
     <span class='ocr_line' id='line_1_22' title="bbox 271 2956 2162 3043; baseline 0 -21"><span class='ocrx_word' id='word_1_143' title='bbox 271 2958 340 3022; x_wconf 89' lang='lat' dir='ltr'>T.</span> <span class='ocrx_word' id='word_1_144' title='bbox 386 2956 658 3041; x_wconf 88' lang='lat' dir='ltr'>Urbem,</span> <span class='ocrx_word' id='word_1_145' title='bbox 703 2979 896 3041; x_wconf 88' lang='lat' dir='ltr'>quam</span> <span class='ocrx_word' id='word_1_146' title='bbox 942 2959 1163 3023; x_wconf 72' lang='lat' dir='ltr'>dicunt</span> <span class='ocrx_word' id='word_1_147' title='bbox 1206 2958 1510 3043; x_wconf 85' lang='lat' dir='ltr'>Romam,</span> <span class='ocrx_word' id='word_1_148' title='bbox 1554 2958 1895 3043; x_wconf 82' lang='lat' dir='ltr'>Meliboee,</span> <span class='ocrx_word' id='word_1_149' title='bbox 1938 2959 2162 3043; x_wconf 73' lang='lat' dir='ltr'>putavi</span> 
     </span>
     <span class='ocr_line' id='line_1_23' title="bbox 274 3047 2373 3132; baseline 0 -22"><span class='ocrx_word' id='word_1_150' title='bbox 274 3047 510 3111; x_wconf 50' lang='lat' dir='ltr'>stulius</span> <span class='ocrx_word' id='word_1_151' title='bbox 556 3067 678 3132; x_wconf 85' lang='lat' dir='ltr'>ego</span> <span class='ocrx_word' id='word_1_152' title='bbox 723 3047 874 3111; x_wconf 86' lang='lat' dir='ltr'>huie</span> <span class='ocrx_word' id='word_1_153' title='bbox 919 3051 1178 3112; x_wconf 76' lang='lat' dir='ltr'>nostrae</span> <span class='ocrx_word' id='word_1_154' title='bbox 1224 3047 1527 3132; x_wconf 88' lang='lat' dir='ltr'>similem,</span> <span class='ocrx_word' id='word_1_155' title='bbox 1582 3069 1706 3131; x_wconf 89' lang='lat' dir='ltr'>quo</span> <span class='ocrx_word' id='word_1_156' title='bbox 1755 3069 1942 3132; x_wconf 90' lang='lat' dir='ltr'>saepe</span> <span class='ocrx_word' id='word_1_157' title='bbox 1989 3048 2268 3112; x_wconf 88' lang='lat' dir='ltr'>solemus</span> <span class='ocrx_word' id='word_1_158' title='bbox 2306 3062 2373 3111; x_wconf 83' lang='lat'>20</span> 
     </span>
     <span class='ocr_line' id='line_1_24' title="bbox 271 3135 1724 3219; baseline 0.001 -21"><span class='ocrx_word' id='word_1_159' title='bbox 271 3140 562 3218; x_wconf 72' lang='lat' dir='ltr'>pastores</span> <span class='ocrx_word' id='word_1_160' title='bbox 611 3135 828 3199; x_wconf 86' lang='lat' dir='ltr'>ovium</span> <span class='ocrx_word' id='word_1_161' title='bbox 873 3139 1136 3218; x_wconf 33' lang='lat' dir='ltr'>teneros·</span> <span class='ocrx_word' id='word_1_162' title='bbox 1178 3136 1491 3219; x_wconf 85' lang='lat' dir='ltr'>depellere</span> <span class='ocrx_word' id='word_1_163' title='bbox 1537 3135 1724 3201; x_wconf 71' lang='lat' dir='ltr'>fetus.</span> 
     </span>
    </p>

    <p class='ocr_par' dir='ltr' id='par_1_15' title="bbox 270 3223 2074 3397">
     <span class='ocr_line' id='line_1_25' title="bbox 273 3223 2074 3307; baseline 0.002 -21"><span class='ocrx_word' id='word_1_164' title='bbox 273 3223 363 3287; x_wconf 84' lang='lat' dir='ltr'>sie</span> <span class='ocrx_word' id='word_1_165' title='bbox 411 3224 677 3288; x_wconf 83' lang='lat' dir='ltr'>canibus</span> <span class='ocrx_word' id='word_1_166' title='bbox 725 3223 974 3288; x_wconf 71' lang='lat' dir='ltr'>catulos</span> <span class='ocrx_word' id='word_1_167' title='bbox 1021 3223 1261 3288; x_wconf 90' lang='lat' dir='ltr'>similes</span> <span class='ocrx_word' id='word_1_168' title='bbox 1274 3275 1290 3307; x_wconf 91' lang='lat'>,</span> <span class='ocrx_word' id='word_1_169' title='bbox 1338 3224 1429 3289; x_wconf 86' lang='lat' dir='ltr'>sic</span> <span class='ocrx_word' id='word_1_170' title='bbox 1474 3225 1789 3289; x_wconf 76' lang='lat' dir='ltr'>matribus</span> <span class='ocrx_word' id='word_1_171' title='bbox 1834 3225 2074 3290; x_wconf 89' lang='lat' dir='ltr'>haedos</span> 
     </span>
     <span class='ocr_line' id='line_1_26' title="bbox 270 3310 1978 3397; baseline 0.001 -23"><span class='ocrx_word' id='word_1_172' title='bbox 270 3333 522 3395; x_wconf 87' lang='lat' dir='ltr'>noram,</span> <span class='ocrx_word' id='word_1_173' title='bbox 567 3311 659 3376; x_wconf 82' lang='lat' dir='ltr'>sie</span> <span class='ocrx_word' id='word_1_174' title='bbox 704 3310 919 3396; x_wconf 88' lang='lat' dir='ltr'>parvis</span> <span class='ocrx_word' id='word_1_175' title='bbox 967 3332 1349 3395; x_wconf 83' lang='lat' dir='ltr'>componere</span> <span class='ocrx_word' id='word_1_176' title='bbox 1394 3333 1630 3397; x_wconf 82' lang='lat' dir='ltr'>magna</span> <span class='ocrx_word' id='word_1_177' title='bbox 1675 3313 1978 3377; x_wconf 89' lang='lat' dir='ltr'>solebam.</span> 
     </span>
    </p>

    <p class='ocr_par' dir='ltr' id='par_1_16' title="bbox 268 3399 2375 3659">
     <span class='ocr_line' id='line_1_27' title="bbox 273 3399 2199 3486; baseline 0.002 -23"><span class='ocrx_word' id='word_1_178' title='bbox 273 3420 492 3464; x_wconf 85' lang='lat' dir='ltr'>verum</span> <span class='ocrx_word' id='word_1_179' title='bbox 535 3399 695 3464; x_wconf 73' lang='lat' dir='ltr'>habe</span> <span class='ocrx_word' id='word_1_180' title='bbox 742 3404 997 3464; x_wconf 71' lang='lat' dir='ltr'>tantum</span> <span class='ocrx_word' id='word_1_181' title='bbox 1044 3400 1200 3465; x_wconf 90' lang='lat' dir='ltr'>alias</span> <span class='ocrx_word' id='word_1_182' title='bbox 1245 3399 1418 3464; x_wconf 75' lang='lat' dir='ltr'>inter</span> <span class='ocrx_word' id='word_1_183' title='bbox 1465 3405 1658 3484; x_wconf 72' lang='lat' dir='ltr'>eaput</span> <span class='ocrx_word' id='word_1_184' title='bbox 1703 3401 1936 3465; x_wconf 71' lang='lat' dir='ltr'>extulit</span> <span class='ocrx_word' id='word_1_185' title='bbox 1981 3402 2199 3486; x_wconf 78' lang='lat' dir='ltr'>urbeS,</span> 
     </span>
     <span class='ocr_line' id='line_1_28' title="bbox 271 3487 2375 3575; baseline 0 -25"><span class='ocrx_word' id='word_1_186' title='bbox 271 3491 581 3571; x_wconf 77' lang='lat' dir='ltr'>quantum</span> <span class='ocrx_word' id='word_1_187' title='bbox 626 3487 802 3551; x_wconf 70' lang='lat' dir='ltr'>lenta</span> <span class='ocrx_word' id='word_1_188' title='bbox 847 3488 1059 3552; x_wconf 71' lang='lat' dir='ltr'>solent</span> <span class='ocrx_word' id='word_1_189' title='bbox 1102 3489 1272 3553; x_wconf 60' lang='lat' dir='ltr'>inber</span> <span class='ocrx_word' id='word_1_190' title='bbox 1316 3489 1590 3553; x_wconf 88' lang='lat' dir='ltr'>viburna</span> <span class='ocrx_word' id='word_1_191' title='bbox 1635 3489 1935 3575; x_wconf 86' lang='lat' dir='ltr'>cupressi.</span> <span class='ocrx_word' id='word_1_192' title='bbox 2203 3538 2205 3541; x_wconf 42' lang='grc'>,</span> <span class='ocrx_word' id='word_1_193' title='bbox 2309 3502 2375 3551; x_wconf 82' lang='lat'>25</span> 
     </span>
     <span class='ocr_line' id='line_1_29' title="bbox 268 3575 2165 3659; baseline 0.002 -20"><span class='ocrx_word' id='word_1_194' title='bbox 268 3575 351 3639; x_wconf 95' lang='lat' dir='ltr'>M.</span> <span class='ocrx_word' id='word_1_195' title='bbox 399 3575 697 3659; x_wconf 77' lang='lat' dir='ltr'>Et&#39;quae</span> <span class='ocrx_word' id='word_1_196' title='bbox 743 3580 927 3641; x_wconf 70' lang='lat' dir='ltr'>tan&#39;ca</span> <span class='ocrx_word' id='word_1_197' title='bbox 970 3576 1096 3640; x_wconf 74' lang='lat' dir='ltr'>fuit</span> <span class='ocrx_word' id='word_1_198' title='bbox 1140 3577 1418 3642; x_wconf 89' lang='lat' dir='ltr'>Romam</span> <span class='ocrx_word' id='word_1_199' title='bbox 1463 3577 1585 3641; x_wconf 81' lang='lat' dir='ltr'>tibi</span> <span class='ocrx_word' id='word_1_200' title='bbox 1630 3600 1822 3643; x_wconf 85' lang='lat' dir='ltr'>eausa</span> <span class='ocrx_word' id='word_1_201' title='bbox 1867 3578 2165 3644; x_wconf 80' lang='lat' dir='ltr'>videndi?</span> 
     </span>
    </p>
   </div>
   <div class='ocr_carea' id='block_1_6' title="bbox 1886 3682 1957 3734">
    <p class='ocr_par' dir='ltr' id='par_1_17' title="bbox 1886 3682 1957 3734">
     <span class='ocr_line' id='line_1_30' title="bbox 1886 3682 1957 3734; baseline 0 -19"><span class='ocrx_word' id='word_1_202' title='bbox 1886 3682 1957 3734; x_wconf 74' lang='lat'>1*</span> 
     </span>
    </p>
   </div>
  </div>
 </body>
</html>
