2673 3925
896 252 1314 307 GEORGICON
1352 254 1484 307 ΜΒ.
1526 253 1618 307 111.
2178 254 2262 320 63

260 397 578 480 instrepat
626 401 690 461 et
735 398 990 462 iunctos
1036 402 1210 461 temo
1258 398 1477 462 trahat
1525 420 1744 463 aereus
1795 399 1997 463 orbes.

260 486 506 548 interea
549 485 706 568 pubi
751 486 1101 550 indomitae
1146 507 1279 550 non
1325 487 1619 570 gramina
1664 491 1921 551 tantum

258 595 377 638 nec
421 595 641 637 vescas
691 573 957 638 salicum
1001 574 1260 638 frondes
1306 575 1648 657 ulvamque
1693 574 2068 660 palustrem,
2271 589 2366 638 175

262 662 372 726 sed
415 661 739 726 frumenta
784 684 980 725 manu
1026 684 1245 746 carpes
1293 667 1460 727 sata:
1506 685 1625 728 nec
1671 663 1794 726 tibi
1837 663 2007 728 fetae
2405 683 2409 687 ·

261 771 437 814 more
483 754 742 833 patrum
787 751 974 814 nivea
1017 750 1380 835 implebunt
1425 751 1799 815 mulctraria
1842 773 2098 836 vaccae,

263 839 372 902 sed
419 842 563 901 tota
604 839 674 902 in
721 838 936 902 dulces
986 844 1364 903 consument
1409 840 1609 903 ubera
1652 844 1857 904 natos.

351 923 467 990 Sin
512 927 591 990 ad
636 926 806 990 bella
851 926 1060 1011 magis
1107 928 1393 990 studium
1439 932 1812 1010 turmasque
1858 928 2134 1010 feroceS,

264 1020 374 1077 aut
420 1013 673 1097 Alphea
715 1014 877 1078 rotis
923 1014 1209 1098 praelabi
1255 1015 1524 1078 flumina
1567 1015 1754 1079 Pisae
2270 1032 2368 1080 180

262 1108 326 1166 et
372 1101 545 1171 Iovis
592 1103 662 1165 in
707 1102 852 1166 luco
901 1125 1121 1167 currus
1170 1103 1417 1188 agitare
1463 1103 1781 1168 volantes:

260 1190 507 1275 primus
555 1189 702 1274 equi
747 1190 933 1254 labor
979 1196 1078 1255 est
1125 1191 1375 1255 animos
1423 1196 1615 1274 atque
1663 1215 1841 1255 arma
1885 1192 2097 1255 videre

262 1279 620 1342 bellantum
664 1277 988 1362 lituosque
1032 1279 1172 1363 pati
1219 1284 1559 1363 tractuque
1607 1284 1968 1365 gementem

261 1367 427 1430 ferre
472 1371 684 1430 rotam
731 1372 795 1431 et
843 1367 1097 1431 stabulo
1144 1367 1360 1432 frenos
1410 1368 1627 1432 audire
1674 1372 1993 1432 sonantes

261 1460 404 1518 tum
448 1455 656 1540 magis
703 1460 895 1539 atque
941 1456 1149 1541 magis
1194 1456 1449 1521 blandis
1496 1458 1770 1557 gaudere
1816 1456 2114 1542 magistri
2272 1472 2369 1520 185

262 1542 562 1607 laudibus
609 1548 674 1607 et
719 1544 981 1627 plausae
1030 1545 1314 1608 sonitum
1355 1545 1617 1609 cervicis
1667 1568 1896 1609 amare.

264 1636 458 1721 atque
500 1632 658 1695 haec
703 1632 836 1695 iam
879 1633 1088 1715 primo
1138 1633 1440 1715 depulsus
1488 1633 1567 1695 ab
1614 1633 1808 1695 ubere
1855 1633 2080 1695 matris

266 1711 523 1803 audeat,
566 1720 761 1801 inque
806 1719 1015 1783 vicem
1058 1719 1165 1782 det
1211 1720 1516 1782 mollibus
1566 1740 1679 1783 ora
1725 1719 2020 1802 capistris

262 1807 579 1871 invalidus
627 1807 947 1889 etiamque
994 1811 1301 1890 tremens,
1349 1807 1545 1870 etiam
1589 1806 1832 1870 inscius
1880 1807 2034 1870 aevi.

267 1900 333 1959 at
378 1895 588 1959 tribus
636 1895 876 1959 exactis
924 1895 1035 1958 ubi
1084 1899 1314 1979 quarta
1361 1895 1701 1959 accesserit
1748 1898 1957 1958 aestas
1969 1945 1985 1978 ,
2272 1909 2371 1957 190

267 2007 523 2069 carpere
569 2006 720 2048 mox
765 2006 998 2070 gyrum
1042 1983 1312 2068 incipiat
1361 1983 1790 2069 gradibusque
1838 2004 2063 2047 sonare

267 2073 652 2157 compositis
691 2072 1030 2155 sinuetque
1079 2072 1327 2135 alterna
1371 2071 1701 2135 volumina
1748 2094 2030 2155 crurum,

267 2162 478 2244 sitque
521 2161 845 2225 laboranti
891 2160 1148 2245 similis3
1192 2165 1332 2224 tum
1381 2160 1672 2224 cursibus
1721 2183 1935 2244 auraS,

265 2255 406 2313 tum
450 2255 662 2333 vocet,
709 2272 783 2314 ac
826 2270 943 2333 per
989 2253 1213 2333 aperta
1255 2249 1479 2313 volans
1529 2271 1641 2313 ceu
1688 2248 1852 2312 liber
1897 2247 2166 2311 habenis

268 2359 552 2421 aequora·
590 2339 697 2401 vix
743 2361 995 2401 summa
1039 2336 1315 2421 vestigia
1360 2341 1560 2421 ponat
1604 2337 1863 2420 harena,
2278 2352 2371 2400 195

268 2425 474 2508 qualis
519 2425 955 2509 Hyperboreis
1004 2425 1219 2509 aquilo
1267 2447 1414 2489 cum
1461 2425 1695 2487 densus
1731 2425 1823 2487 ab
1873 2423 2000 2487 oris

266 2513 589 2595 incubuit,
637 2511 1063 2596 Scythiaeque
1109 2512 1353 2577 hiemes
1402 2517 1592 2613 atque
1641 2513 1820 2575 arida
1865 2512 2077 2575 differt

266 2600 515 2683 nubila3
561 2605 700 2664 tum
748 2605 997 2684 segetes
1045 2601 1214 2664 altae
1260 2601 1594 2684 campique
1641 2605 1938 2664 natantes

266 2689 518 2753 lenibus
565 2689 946 2753 horrescunt
990 2689 1208 2753 flabris
1257 2710 1669 2771 summaeque
1717 2711 2012 2753 sonorem

268 2780 423 2842 dant
470 2777 666 2841 silvae
711 2777 1016 2862 longique
1062 2782 1296 2863 urgent
1344 2778 1423 2841 ad
1466 2777 1662 2841 litora
1706 2767 1966 2861 fluctus3
2270 2792 2371 2839 200

253 2867 374 2946 ville
420 2866 597 2930 volat
645 2866 838 2930 simul
883 2889 1035 2930 arva
1079 2866 1261 2951 fuga,
1307 2866 1498 2929 simul
1546 2886 1825 2948 aequora
1868 2828 2143 2928 veirenS.

266 2956 417 3020 hinc
462 2955 561 3018 vel
609 2955 689 3018 ad
734 2955 878 3018 Elei
925 2960 1130 3018 metas
1178 2958 1245 3017 et
1289 2954 1572 3017 maxima
1619 2953 1827 3037 campi

270 3043 527 3108 sudabit
572 3043 784 3126 spatia
829 3048 893 3107 et
940 3065 1199 3127 spumas
1248 3048 1399 3126 aget
1446 3063 1553 3106 ore
1602 3046 1897 3106 cruentas
1908 3092 1926 3125 ,

267 3132 531 3218 Belgica
574 3133 677 3196 vel
722 3132 903 3194 molli
950 3131 1176 3195 melius
1223 3130 1390 3194 feret
1435 3132 1658 3194 esseda
1703 3130 1885 3194 collo

267 3225 406 3284 tum
452 3222 708 3285 demum
754 3242 969 3284 crassa
1013 3241 1321 3304 magnum
1368 3219 1690 3304 farragine
1738 3239 1968 3301 corpus
2273 3231 2371 3281 ‘205

270 3331 548 3373 crescere
593 3310 724 3373 iam
772 3307 1032 3372 domitis
1081 3307 1304 3372 sinito:
1361 3329 1636 3390 namque
1685 3311 1832 3370 ante
1881 3304 2269 3367 domandum

266 3397 562 3481 ingentes
610 3398 841 3461 tollent
887 3397 1135 3460 animos
1182 3396 1524 3480 prensique
1569 3395 1900 3480 negabunt

266 3486 533 3548 verbera
575 3485 752 3549 lenta
795 3486 933 3570 pati
981 3491 1045 3548 et
1091 3485 1266 3548 duris
1311 3506 1535 3568 parere
1581 3483 1837 3566 lupatis

358 3571 483 3637 Sed
527 3595 657 3637 non
702 3574 835 3637 ulla
880 3574 1087 3660 magis
1134 3574 1300 3637 vires
1349 3572 1667 3637 industria
1711 3572 1954 3649 firmat,
