2673 3925
1131 269 1506 326 BUCOLICA.
2254 272 2335 336 13

332 413 617 478 carmina
662 413 968 498 descripsi
1015 418 1080 478 et
1124 414 1460 479 modulans
1508 416 1756 480 alterna
1797 416 2039 500 notavi,

333 501 648 586 experiar:
694 505 766 565 tu
813 503 1036 566 deinde
1081 503 1321 588 iubet0,
1366 507 1441 567 ut
1486 507 1689 569 certet
1733 504 2067 587 Amyntas
2377 521 2438 568 15

332 588 455 653 Me.
501 588 708 653 Lenta
753 589 916 654 salix
961 595 1274 675 quantum
1317 591 1587 677 pallenti
1633 591 1803 657 cedit
1849 592 2081 678 olivae,

332 677 619 762 puniceis
667 677 927 742 humilis
976 684 1285 762 quantum
1332 678 1620 744 saliunca
1662 681 1922 765 rosetiS,

332 765 573 830 iudicio
618 769 845 830 nostro
890 771 1147 831 tantum
1192 767 1314 831 tibi
1363 768 1532 832 cedit
1575 768 1911 852 Amyntas,

336 851 460 919 Sed
504 858 577 918 tu
621 853 837 920 desine
882 856 1096 940 plura,
1137 877 1321 939 puer.
1369 856 1792 921 successimus
1840 861 2042 922 antro.

418 941 546 1007 Mo.
591 942 1005 1008 Exstinctum
1050 907 1389 1028 Nymphae
1436 944 1675 1009 crudeli
1720 944 1941 1009 funere
1987 945 2315 1029 Daphnim
2370 961 2437 1009 20

331 1030 574 1095 flebant
622 1067 706 1077 —
751 1051 865 1095 vos
913 1031 1114 1116 coryli
1158 1036 1358 1096 testes
1405 1036 1470 1096 et
1514 1032 1780 1097 flumina
1824 1032 2144 1117 Nymphis
2191 1070 2275 1080 —-

331 1141 478 1184 cum
522 1119 855 1202 complexa
898 1120 1000 1184 sui
1045 1141 1273 1204 corpus
1322 1119 1684 1184 miserabile
1729 1120 1868 1185 nati

332 1211 525 1289 atque
571 1207 723 1271 deos
772 1212 963 1291 atque
1009 1212 1185 1272 astra
1227 1212 1419 1273 vocat
1464 1209 1745 1273 crudelia
1789 1214 2013 1274 mater.

419 1293 570 1359 Non
613 1295 731 1358 ulli
774 1299 997 1379 pastos
1040 1296 1171 1360 illis
1219 1317 1407 1382 egere
1453 1296 1678 1360 diebus

329 1382 591 1468 frigida,
627 1382 915 1469 Daphni,
950 1384 1146 1449 boves
1184 1384 1264 1449 ad
1299 1384 1592 1471 flumina3
1627 1385 1807 1448 nulla
1841 1406 2047 1470 neque
2078 1406 2326 1451 amnem
2367 1401 2465 1450 25x

329 1471 559 1535 libavit
605 1473 964 1557 quadrupes
1009 1494 1128 1538 nec
1175 1472 1484 1574 graminis
1533 1473 1754 1559 attigit
1798 1473 2083 1537 herbam.

330 1558 619 1661 Daphni,
663 1564 849 1624 tuum
893 1559 1146 1626 Poenos
1194 1561 1392 1626 etiam
1425 1561 1758 1647 gemuisse
1803 1561 2021 1626 leones

329 1647 666 1712 interitum
711 1652 1088 1732 montesque
1133 1649 1255 1712 feri
1302 1649 1625 1732 silvaeque
1669 1648 2038 1732 loquuntur.

417 1735 710 1820 Daphnis
757 1740 823 1799 et
867 1735 1207 1799 Armenias
1254 1758 1445 1800 curru
1491 1736 1876 1821 subiungere
1923 1736 2125 1820 tigres

329 1823 641 1907 instituit,
685 1822 979 1906 Daphnis
1024 1823 1271 1887 thiasos
1314 1823 1614 1888 inducere
1660 1822 1899 1887 Bacchi
2367 1841 2434 1890 30

331 1916 397 1976 et
440 1910 614 1975 foliis
660 1910 868 1975 lentas
913 1910 1198 1976 intexere
1244 1910 1548 1976 mollibus
1592 1911 1833 1976 hastas.

329 1999 482 2064 vitis
529 2003 602 2063 ut
651 1999 988 2064 arboribus
1036 2000 1247 2065 decori
1294 2004 1420 2084 est,
1464 2004 1538 2064 ut
1584 2000 1824 2064 vitibus
1874 2021 2064 2085 uvae,

328 2092 405 2152 ut
450 2087 755 2173 greg-ibus
803 2088 999 2173 tauri,
1045 2092 1294 2174 segetes
1342 2092 1415 2152 ut
1459 2087 1809 2173 pinguibus
1857 2088 2054 2153 arvis:

329 2181 401 2241 tu
448 2175 639 2240 decus
688 2197 874 2240 omne
920 2176 1068 2241 tuis.
1113 2181 1460 2261 postquam
1506 2181 1572 2241 te
1618 2176 1755 2241 fata
1801 2176 2115 2262 tulerunt,

325 2264 470 2348 ipsa
512 2262 699 2328 Pales
747 2285 937 2349 agros
985 2269 1177 2348 atque
1219 2264 1359 2349 ipse
1404 2264 1667 2348 reliquit
1712 2264 1966 2349 Apollo.
2364 2283 2429 2331 35

418 2350 701 2416 Grandia
746 2375 932 2437 saepe
979 2353 1212 2438 quibus
1258 2353 1700 2417 mandavimus
1746 2351 1986 2417 hordea
2032 2353 2255 2437 sulciS,

327 2439 552 2505 infelix
596 2440 823 2505 lolium
868 2445 934 2505 et
981 2441 1231 2505 steriles
1275 2445 1630 2505 nascuntur
1675 2462 1939 2526 avenae3

325 2550 444 2612 pro
490 2528 671 2592 molli
716 2529 913 2613 viola,
955 2551 1073 2613 pro
1117 2549 1439 2613 purpureo
1483 2527 1771 2593 narcisso

327 2616 598 2681 carduus
644 2619 711 2681 et
755 2616 957 2701 spinis
1003 2616 1213 2702 surgit
1255 2616 1544 2701 paliurus
1592 2616 1814 2681 acutis.

417 2702 715 2790 Spargite
760 2705 1030 2769 humum
1074 2704 1277 2789 foliis,
1318 2704 1602 2769 inducite
1648 2704 1939 2769 fontibus
1986 2705 2277 2790 umbras,
2360 2720 2426 2769 4ο
2486 2729 2493 2737 ·

324 2797 647 2877 pastores:
695 2793 957 2857 mandat
1002 2792 1141 2858 fieri
1188 2792 1314 2857 sibi
1362 2792 1520 2856 talia
1563 2792 1876 2877 Daphnis.

325 2884 393 2945 et
436 2880 757 2944 tumulum
801 2880 994 2946 facite
1049 2885 1115 2945 et
1159 2880 1409 2945 tumulo
1455 2880 1859 2965 superaddite
1907 2902 2189 2945 carmen:

324 2967 650 3053 ‘Daphnis
697 2990 818 3054 ego
861 2969 933 3033 in
978 2968 1183 3053 silvis,
1226 2968 1378 3033 hinc
1423 2990 1624 3053 usque
1671 2969 1751 3032 ad
1798 2968 2005 3033 sidera
2047 2973 2269 3054 notuS,

323 3055 593 3120 formosi
635 3057 886 3140 pecoris
934 3062 1178 3141 custos,
1221 3055 1570 3121 formosior
1611 3054 1799 3140 ipse?

411 3143 533 3209 Me.
577 3144 732 3210 Tale
778 3149 960 3210 tuum
1007 3147 1264 3211 carmen
1306 3144 1526 3229 nobiS,
1571 3144 1782 3209 divine
1826 3149 2048 3229 poeta,
2356 3160 2424 3208 45

324 3232 510 3316 quale
557 3253 751 3317 sopor
794 3234 981 3299 fessis
1026 3233 1097 3298 in
1142 3232 1458 3317 gramine,
1503 3231 1688 3316 quale
1732 3253 1849 3316 per
1894 3237 2143 3297 aestum

322 3318 525 3385 dulcis
573 3342 774 3404 aquae
823 3320 1089 3386 saliente
1135 3320 1314 3385 sitim
1359 3320 1756 3405 restinguere
1802 3320 1958 3384 rivo.

320 3428 440 3473 nec
484 3409 746 3474 calamis
793 3409 1004 3474 solum
1049 3408 1454 3493 aequiperaS,
1499 3407 1609 3472 sed
1654 3429 1809 3473 voce
1855 3407 2254 3493 magistrum.

321 3494 648 3561 fortunate
693 3519 879 3583 puer,
923 3502 998 3562 tu
1042 3519 1211 3562 nunc
1258 3496 1384 3560 eris
1431 3496 1592 3559 alter
1638 3496 1719 3560 ab
1763 3495 1895 3560 illo.

318 3604 440 3648 nos
484 3588 703 3649 tamen
746 3586 904 3651 haec
950 3605 1352 3670 quocumque
1389 3584 1579 3647 modo
1617 3583 1739 3647 tibi
1774 3587 1998 3647 nostra
2032 3583 2316 3649 vicissim
2353 3599 2421 3648 50
