2673 3925
1066 252 1067 255 ¹
1141 225 1505 283 BUOOLICA.
2241 233 2321 297 19

322 371 443 436 hic·
459 375 730 435 vtantum
775 370 1005 435 boreae
1053 393 1349 436 curamus
1395 371 1668 458 frigora,
1713 377 2025 458 quantum

324 463 436 522 aut
480 481 818 524 numerum
862 458 1050 542 lupus
1101 464 1213 523 aut
1259 460 1575 524 torrentia
1618 461 1884 526 flumina
1926 464 2118 547 ripas.

413 544 480 611 C.
529 545 719 612 Stant
763 551 828 613 et
871 547 1147 631 iuniperi
1194 552 1260 612 et
1306 552 1642 614 castaneae
1686 549 2002 635 hirsutae,

323 639 530 698 strata
573 634 785 699 iacent
829 635 1073 719 passim
1119 657 1236 699 sua
1282 658 1568 720 quaeque
1615 637 1734 701 sub
1783 639 2010 704 arbore
2054 661 2275 725 poma,

325 722 539 787 omnia
581 744 751 787 nunc
797 724 1035 808 rident3
1082 727 1148 787 at
1195 723 1251 787 si
1296 724 1620 790 formosus
1663 723 1887 790 Alexis
2354 744 2419 793 55

321 811 648 887 montibus
692 809 795 874 his
843 811 1058 896 abeat,
1102 811 1318 876 videas
1367 816 1431 876 et
1476 812 1744 878 flumina
1788 813 1974 879 sicca.

319 898 389 963 Τ.
437 899 597 964 Aret
641 919 822 984 ager,
866 898 1026 963 vitio
1074 899 1354 964 moriens
1401 900 1542 965 sitit
1589 901 1755 966 ae’ris
1800 902 2026 989 herba,

317 985 513 1051 Liber
554 986 929 1071 pampineas
972 987 1525 1053 invidit'collibus
1572 989 1860 1055 umbras:

288 1074 630 1159 22Phyffldis
679 1077 955 1140 adventu
998 1080 1259 1140 nostrae
1303 1098 1529 1142 nemus
1577 1098 1764 1142 omne
1809 1078 2070 1164 virebit,

315 1163 606 1247 Iuppiter
651 1167 716 1228 et
759 1163 931 1228 laeto
978 1164 1315 1229 descendet
1358 1164 1674 1248 plurimus
1717 1166 1927 1230 imbri.
2352 1184 2416 1234 60

405 1250 472 1316 O.
516 1250 802 1335 Populus
846 1251 1112 1316 Alcidae
1160 1252 1557 1338 gratissima,
1600 1253 1752 1317 vitis
1797 1252 2058 1340 Iaccho,

314 1339 635 1404 formosae
680 1343 931 1424 myrtus
977 1338 1243 1425 Veneri,
1289 1363 1406 1405 sua
1449 1340 1669 1405 laurea
1712 1340 2003 1427 Phoebo3

313 1425 561 1511 Phyllis
609 1432 784 1491 amat
830 1428 1109 1514 corylos3
1152 1428 1298 1493 illas
1346 1429 1499 1493 dum
1542 1428 1792 1514 Phyllis
1836 1425 2109 1515 amabit,

291 1536 431 1580 -nec
476 1520 726 1600 myrtus
773 1515 987 1581 vincet
1034 1516 1312 1601 corylos,
1356 1538 1474 1582 nec
1518 1517 1737 1582 laurea
1780 1516 2045 1583 Phoebi.

311 1602 381 1666 T.
426 1603 744 1668 Fraxinus
787 1604 857 1667 in
902 1604 1080 1668 silvis
1124 1604 1581 1688 pulcherrima,
1623 1606 1813 1690 pinus
1857 1607 1929 1670 in
1970 1606 2207 1691 hortiS,
2347 1624 2411 1672 65

311 1691 586 1776 populus
631 1691 702 1755 in
746 1691 959 1755 fluviis
971 1743 989 1776 ‚
1034 1692 1210 1755 abies
1254 1693 1326 1755 in
1370 1692 1701 1756 montibus
1749 1693 1926 1779 altis;

313 1779 566 1863 saepius
613 1783 682 1842 at
728 1778 783 1841 si
828 1800 958 1862 me,
1001 1776 1245 1860 Lycida
1287 1778 1597 1863 formose,
1639 1779 1907 1864 revisaS‚

311 1866 600 1930 fraxinus
645 1865 715 1928 in
762 1865 940 1931 silvis
988 1865 1172 1929 cedat
1217 1865 1370 1950 tibi,
1411 1866 1602 1950 pinus
1645 1867 1717 1931 in
1760 1866 1987 1931 hortis,

398 1953 483 2019 M.
497 1953 675 2018 Haec
690 1952 971 2038 memini,
999 1957 1063 2017 et
1078 1952 1321 2019 victum
1340 1954 1583 2019 frustra
1596 1954 1977 2021 contendere
1992 1955 2306 2042 Thyrsim.

311 2065 388 2107 ex
433 2042 545 2106 illo
595 2039 893 2126 Corydon
939 2040 1239 2127 Corydon
1283 2047 1383 2107 est
1428 2047 1715 2127 tempore
1759 2045 1966 2109 nobis.
2345 2063 2409 2112 ’το

1007 2374 1358 2441 ECLOGA
1413 2374 1594 2442 VIII.

847 2512 1125 2568 DAMON.
1194 2511 1758 2570 ALPHESIBOEUS.

391 2656 735 2722 Pastorum
779 2655 1031 2720 Musam
1076 2655 1390 2721 Damonis
1437 2660 1502 2721 et
1548 2657 1989 2745 Alphesiboei,

303 2745 641 2811 immemor
683 2744 1028 2809 herbarum
1074 2766 1234 2827 quos
1281 2749 1381 2809 est
1426 2744 1660 2810 mirata
1701 2746 1969 2812 iuvenca

281 2838 652 2917 certantes,
697 2854 969 2916 quorum
1015 2833 1411 2917 stupefactae
1458 2834 1736 2898 carmine
1782 2834 2029 2920 lynces,

302 2925 367 2985 et
412 2925 662 2986 mutata
707 2942 856 2985 suos
902 2920 1274 3003 requierunt
1317 2921 1585 2986 flumina
1629 2943 1852 2985 cursus
1861 2974 1879 3007 ‚

299 3009 613 3074 Damonis
659 3007 912 3073 Musam
960 3009 1241 3074 dicemus
1287 3013 1355 3072 et
1399 3008 1831 3093 Alphesiboei.
2334 3027 2366 3076 5

386 3096 484 3161 Tu
530 3097 691 3161 mihi
739 3118 851 3161 seu
896 3096 1115 3182 magni
1161 3118 1424 3180 superas
1468 3097 1598 3161 iam
1645 3118 1799 3161 saxa
1842 3096 2120 3183 Timavi,

300 3185 431 3250 sive
479 3207 659 3249 oram
702 3183 945 3268 Illyrici
989 3184 1152 3270 legis
1199 3184 1519 3268 aequoris:
1566 3206 1647 3249 en
1692 3185 1813 3249 erit
1859 3208 2162 3270 umquam

295 3272 404 3337 ille
451 3273 614 3358 dies,
658 3272 818 3337 mihi
865 3294 1011 3337 cum
1054 3273 1246 3338 liceat
1291 3277 1406 3337 tua
1451 3272 1657 3338 dicere
1702 3272 1919 3338 facta?

297 3382 377 3424 en
423 3361 571 3445 erit,
614 3366 690 3425 ut
735 3361 928 3425 liceat
973 3365 1186 3425 totum
1231 3360 1390 3425 mihi
1436 3361 1601 3425 ferre
1645 3382 1763 3445 per⁸
1807 3362 2029 3426 orbem

297 3448 434 3513 sola
482 3447 838 3533 Sophocleo
883 3454 998 3513 tua
1045 3448 1326 3514 carmina
1373 3448 1568 3534 digna
1614 3448 1974 3513 cothurno?
2333 3464 2395 3512 10

294 3561 332 3602 a
377 3541 443 3601 te
488 3537 900 3622 principium,
943 3537 1011 3601 in
1058 3541 1121 3601 te
1170 3536 1432 3600 desinet.
1482 3536 1694 3620 accipe
1738 3536 1931 3601 iussis

1711 3637 1722 3649 .
1903 3638 1977 3692 2*
