2673 3925
1135 225 1507 324 BucomoA.
1569 309 1572 316 ,

323 413 458 477 iam
499 434 670 477 nova
713 412 1052 514 progenies
1100 411 1277 476 caelo
1325 411 1688 475 demittitur
1733 411 1883 475 alto
1983 414 1987 418 ’

325 505 399 565 tu
445 502 636 565 modo
681 500 976 565 nascenti
1019 521 1249 584 puero,
1293 519 1421 582 quo
1467 499 1675 563 ferrea
1717 498 1997 584 primum

328 589 575 653 desinet
622 610 695 654 ac
742 592 884 653 toto
933 592 1155 674 surget
1202 608 1359 673 gens
1407 609 1599 651 aurea
1643 587 1911 670 mund0,

325 681 509 742 casta
551 675 695 741 fave
739 675 1011 745 Lucina:
1056 681 1208 740 tuus
1252 675 1386 740 iam
1411 679 1658 776 ‘regnat
1705 639 1957 760 Apoll'o.

416 764 630 848 Teque
677 764 835 829 adeo
882 764 1072 830 decus
1117 764 1241 829 hoc
1289 763 1456 848 aevi,
1500 768 1565 828 te
1612 763 1901 847 consule,
1944 762 2138 827 inibit

328 851 542 936 Polio,
586 856 653 916 et
695 852 1007 937 incipient
1053 852 1273 937 magni
1315 852 1659 937 procedere
1705 873 1983 936 menses;

330 945 396 1005 te
444 942 629 1025 duce,
674 940 729 1006 si
778 961 905 1024 qua
948 945 1211 1004 manent
1256 939 1513 1005 sceleris
1559 939 1835 1025 vestigia
1877 938 2113 1024 nostri,

293 1029 525 1093 inrita
568 1033 879 1113 perpetua
923 1028 1174 1093 solvent
1216 1026 1575 1092 formidine
1602 1032 1825 1092 terras.

417 1116 553 1182 Ille‘
582 1117 770 1182 deum
815 1116 1017 1181 vitam
1063 1115 1332 1200 accipiet
1378 1114 1666 1199 divisque
1711 1115 1956 1181 videbit

329 1205 684 1290 permixtos
728 1204 960 1269 heroas
1006 1209 1071 1269 et
1116 1204 1255 1289 ipse
1299 1202 1623 1269 videbitur
1665 1203 1823 1288 illis,

326 1297 754 1378 pacatumque
799 1296 982 1378 reget
1026 1291 1256 1376 patriis
1301 1291 1652 1356 virtutibus
1700 1291 1936 1355 orbem.

329 1403 407 1446 ac
450 1380 573 1446 tibi
616 1381 853 1467 prima,
895 1403 1080 1466 puer,
1123 1379 1302 1444 nullo
1349 1379 1728 1445 munuscula
1771 1378 1974 1462 cultu,

328 1473 615 1534 errantes
662 1469 927 1534 hederas
973 1468 1216 1553 passim
1262 1490 1410 1534 cum
1453 1468 1718 1533 baccare
1764 1467 1955 1532 tellus

331 1557 658 1641 mixtaque
703 1557 939 1622 ridenti
985 1556 1304 1622 colocasia
1349 1556 1574 1621 fundet
1618 1556 1911 1622 acantho,

329 1645 508 1797 ἱῑξειε
554 1645 720 1710 lacte
766 1645 1029 1710 domum
1072 1644 1372 1794 referenti⁵
1396 1645 1676 1795 distentia
1721 1644 1999 1794 clapellae

330 1757 375 1798 u
423 1755 556 1814 era,
600 1754 718 1797 nec
763 1755 869 1797 ma
963 1754 1035 1797 os
1082 1754 1182 1796 me
1219 1752 1342 1797 uen
1417 1752 1636 1794 armen
1670 1754 1707 1795 a
1776 1753 1965 1795 eones

331 1822 474 1906 ipsa
519 1784 641 1884 t'ibi
686 1754 960 1884 blandii}
1002 1818 1272 1883 fundent
1318 1817 1637 1882 cunabula
1679 1818 1886 1882 flores

333 1908 581 1975 occidet
627 1912 693 1972 et
738 1927 998 1992 serpens
1008 1958 1025 1992 ,
1070 1911 1135 1972 et
1178 1905 1375 1971 fallax
1418 1904 1619 1971 herba
1662 1905 1888 1972 veneni

334 1997 608 2080 occidet3
653 1995 992 2080 Assyrium
1038 1995 1232 2080 vulgo
1277 1999 1578 2060 nascetur
1623 1999 1963 2074 amomum.

422 2083 513 2149 At
560 2048 750 2149 simul
794 2084 1064 2148 heroum
1108 2084 1326 2148 laudes
1374 2087 1440 2148 et
1484 2083 1657 2152 facta
1698 2084 1983 2168 parentis

291 2174 467 2238 ·ia1n
508 2172 721 2259 legere
768 2177 833 2236 et
878 2193 1039 2255 quae
1086 2172 1173 2236 sit
1215 2171 1459 2256 poteris
1507 2193 1893 2258 cognoscere
1938 2172 2168 2237 virtus:

321 2260 516 2326 molli
560 2260 876 2345 paulatim
920 2259 1220 2325 flavescet
1266 2281 1530 2344 campus
1578 2260 1803 2345 arista,

334 2348 722 2432 incultisque
767 2349 1003 2412 rubens
1047 2347 1352 2433 pendebit
1396 2348 1686 2413 sentibus
1730 2370 1882 2433 uva,

227 2507 232 2512 ,
334 2441 403 2502 et
447 2437 642 2501 durae
689 2458 959 2521 que-rcus
1006 2436 1328 2500 sudabunt
1375 2436 1630 2500 roscida
1673 2435 1880 2500 mella.

335 2547 541 2610 pauca
585 2529 802 2590 tamen
848 2524 1159 2589 suberunt
1201 2524 1450 2607 priscae
1495 2522 1771 2608 vestigia
1814 2523 2085 2607 fraudis,
2175 2584 2186 2595 ,

340 2634 502 2697 quae
546 2616 861 2696 temptare
906 2611 1163 2676 Thetim
1208 2610 1485 2695 ratibus,
1530 2633 1692 2695 quae
1738 2610 1993 2696 cingere
2039 2611 2238 2676 muris

331 2700 601 2785 oppida,
645 2722 807 2783 quae
851 2700 1117 2764 iubeant
1160 2698 1378 2763 telluri
1421 2699 1728 2764 infindere
1774 2700 2003 2765 sulcos.

2231 268 2328 330 ,11

285 2831 293 2840 -
340 2789 502 2854 alter
547 2788 670 2852 erit
714 2792 855 2852 tum
898 2787 1170 2872 Tiphys,
1213 2792 1280 2852 et
1326 2786 1527 2851 altera
1573 2808 1733 2871 quae
1778 2787 1972 2852 vehat
2016 2787 2197 2873 Argo
2284 2801 2289 2804 ’

337 2877 619 2941 delectos
664 2876 922 2961 heroas3
968 2880 1158 2940 erunt
1202 2875 1400 2940 etiam
1446 2874 1647 2939 altera
1691 2875 1862 2940 bella

341 2969 533 3048 atque
574 2963 812 3028 iterum
857 2928 937 3028 ad
980 2963 1240 3028 Troiam
1285 2983 1558 3049 magnus
1603 2964 1898 3027 mittetur
1942 2963 2244 3028 Achilles,

427 3052 627 3137 Hinc,
671 3051 784 3117 ubi
827 3051 958 3116 iam
1000 3052 1259 3116 firmata
1301 3050 1512 3116 virum
1556 3055 1620 3115 te
1665 3051 1891 3116 fecerit
1935 3055 2141 3136 aeta8‚

339 3141 523 3206 cedet
567 3144 633 3206 et
675 3139 814 3224 ipse
859 3140 1021 3204 mari
1065 3144 1310 3223 vector,
1353 3160 1472 3204 nec
1514 3138 1776 3203 nautica
1817 3139 2008 3223 pinus

341 3227 621 3293 mutabit
665 3248 932 3292 merces,
979 3227 1187 3292 omnis
1232 3226 1397 3291 feret
1443 3226 1658 3291 omnia
1702 3227 1910 3292 tellus.

338 3338 474 3380 non
516 3320 760 3381 rastros
803 3314 1089 3401 patietur
1131 3313 1394 3399 humus,
1434 3336 1569 3380 non
1611 3315 1797 3380 vinea
1839 3314 2096 3401 falcem3

343 3404 648 3469 robustus
695 3424 947 3488 quoque
991 3403 1125 3468 iam
1167 3402 1372 3468 tauris
1416 3403 1572 3489 iuga
1617 3404 1822 3468 solvet
1868 3408 2109 3488 arator3

341 3513 460 3556 nec
503 3491 714 3556 varios
762 3491 966 3556 discet
1010 3490 1269 3556 mentiri
1313 3490 1464 3555 lana
1509 3491 1783 3576 coloreS,

340 3580 479 3664 ipse
525 3580 635 3644 sed
679 3578 750 3643 in
791 3580 996 3663 pratis
1044 3579 1207 3644 aries
1251 3578 1384 3644 iam
1430 3602 1621 3644 suave
1666 3580 1924 3645 rubenti

2373 691 2437 741 10

2373 1115 2438 1180 1'5

2242 1570 2439 1641 *²⁰

2372 2011 2440 2060 25

2374 2450 2442 2499 30

2377 2889 2443 2938 35

2380 3328 2449 3378 40
