2673 3925
1010 245 1420 302 GEORGICON
1462 246 1595 303 LlB.
1632 248 1671 301 Ι.
2255 246 2337 310 37

423 391 634 456 Multa
681 392 836 455 adeo
886 391 1096 476 gelida
1141 390 1371 455 melius
1420 412 1487 455 se
1531 395 1723 455 nocte
1772 391 2032 475 dedere,

301 518 304 521 -
339 484 452 544 aut
498 502 645 545 cum
690 479 823 543 sole
868 500 1038 544 novo
1083 484 1285 543 terras
1331 479 1580 542 inrorat
1626 479 1820 542 Eous

336 572 527 633 nocte
572 568 743 632 leves
789 567 1017 633 melius
1052 562 1362 651 stipulae,
1404 570 1595 631 nocte
1643 566 1821 630 arida
1863 570 2051 650 prata

337 656 715 740 tondentur,
756 659 980 721 noctes
1027 655 1240 719 lentus
1287 675 1419 718 non
1465 653 1679 719 deficit
1723 675 1925 718 umor.
2344 668 2445 716 290

340 748 405 808 et
450 744 709 828 quidam
754 765 929 809 seros
975 742 1230 807 hiberni
1277 743 1358 806 ad
1401 742 1663 806 luminis
1706 743 1893 828 ignes
1965 782 1966 787 κ

337 832 681 918 pervigilat
724 831 1021 915 ferroque
1066 830 1238 896 faces
1283 830 1563 915 inspicat
1610 835 1817 895 acuto.

338 920 585 984 interea
627 920 897 1005 longum
944 922 1136 984 cantu
1184 920 1394 983 solata
1437 918 1726 983 laborem

340 1013 571 1094 arguto
619 1007 896 1073 coniunx
939 1006 1256 1093 percurrit
1297 1006 1552 1090 pectine
1598 1006 1790 1091 telas,

340 1101 452 1160 aut
497 1096 701 1160 dulcis
748 1096 946 1160 musti
990 1094 1283 1160 Vulcano
1331 1094 1629 1177 decoquit
1674 1115 1963 1160 umorem
2139 1138 2143 1142 Δ
2345 1108 2445 1156 ‘205
2573 1136 2576 1139 -

340 1189 405 1248 et
450 1184 626 1248 foliis
671 1184 907 1247 undam
953 1183 1189 1268 trepidi
1235 1183 1572 1267 despumat
1617 1182 1776 1246 aeni.
1833 1200 1836 1203 ·

341 1276 410 1336 at
453 1272 810 1336 rubicunda
855 1269 1045 1335 Ceres
1092 1271 1301 1336 medio
1351 1270 1701 1334 succiditur
1746 1273 1955 1354 aestu,

341 1365 406 1424 et
451 1360 660 1425 medio
707 1364 916 1424 tostas
964 1364 1146 1424 aestu
1191 1358 1346 1423 terit
1393 1380 1540 1423 area
1583 1357 1819 1444 fruges

339 1449 549 1512 nudus
596 1470 733 1533 ara,
779 1469 915 1512 sere
960 1448 1198 1532 nudus3
1242 1447 1450 1511 hiems
1497 1446 1733 1532 ignava
1778 1446 2023 1510 colono,

339 1536 690 1623 frigoribus
736 1540 922 1621 parto
969 1535 1288 1621 agricolae
1332 1534 1706 1619 plerumque
1751 1533 2053 1598 fruuntur
2345 1549 2447 1597 300

341 1630 690 1708 mutuaque
734 1624 905 1688 inter
951 1646 1018 1688 se
1064 1623 1219 1688 laeti
1267 1623 1562 1687 convivia
1607 1626 1848 1686 curant.

340 1713 574 1777 invitat
622 1711 890 1797 genialis
935 1711 1141 1775 hiems
1189 1730 1498 1792 curasque
1544 1709 1837 1792 resolvit,

161 1792 164 1797 ’
234 1837 239 1843 ·
316 1822 458 1879 ‘ceu
502 1821 759 1884 pressae
805 1821 952 1863 cum
994 1799 1127 1861 iam
1169 1801 1430 1882 portum
1476 1796 1747 1881 tetigere
1794 1795 2100 1879 carinaes

340 1887 664 1973 puppibus
711 1890 776 1951 et
819 1885 976 1950 laeti
1018 1890 1253 1949 nautae
1297 1885 1659 1969 imposuere
1706 1905 1991 1948 coronas.

345 1977 454 2040 sed
500 1979 717 2039 tamen
762 1980 828 2039 et
875 1996 1145 2060 quernas
1194 1974 1455 2060 glandes
1501 1976 1642 2036 tum
1687 1972 2003 2057 stringere
2044 1975 2296 2054 tempus
2344 1986 2446 2034 305

344 2069 409 2127 et
452 2063 617 2127 lauri
662 2064 855 2127 bacas
903 2062 1233 2145 oleamque
1279 2065 1666 2144 cruentaque
1712 2064 1950 2145 myrta,

344 2157 483 2216 tum
531 2151 795 2237 gruibus
840 2151 1096 2235 pedicas
1145 2154 1209 2214 et
1252 2150 1419 2213 retia
1461 2170 1698 2234 ponere
1746 2148 1949 2213 cervis

345 2240 714 2323 auritosque
763 2239 942 2322 sequi
986 2237 1265 2322 leporeS,
1307 2241 1449 2302 tum
1494 2238 1690 2323 figere
1738 2238 2055 2320 dammaS‚

346 2333 617 2412 stuppea
660 2331 1083 2410 torquentem¹
1111 2325 1399 2390 Balearis
1445 2326 1711 2390 verbera
1754 2324 2016 2408 fundae,

346 2438 491 2481 cum
535 2416 647 2479 nix
693 2415 826 2478 alta
867 2415 1062 2498 iacet,
1108 2414 1378 2500 glaciem
1425 2436 1571 2478 cum
1615 2412 1884 2476 flumina
1927 2410 2209 2475 trudunt.
2346 2426 2448 2473 310

435 2501 600 2578 Quid
644 2506 1060 2586 tempestates
1109 2501 1402 2566 autumni
1448 2504 1513 2564 et
1560 2499 1767 2564 sidera
1813 2499 2038 2582 dicam,

347 2596 567 2675 atque,
611 2590 724 2654 ubi
767 2590 899 2653 iam
943 2588 1323 2672 breviorque
1370 2588 1502 2652 dies
1551 2592 1617 2652 et
1660 2587 1917 2652 mollior
1965 2591 2204 2669 aestas,

238 2717 244 2722 -
348 2699 508 2761 quae
553 2677 880 2763 vigilanda
922 2677 1124 2742 viris?
1168 2676 1271 2741 vel
1317 2698 1462 2740 cum
1507 2676 1639 2739 ruit
1683 2676 2085 2739 imbriferum
2129 2696 2239 2738 ver
2249 2724 2266 2756 ,

347 2765 564 2850 spicea
605 2765 736 2830 iam
782 2765 1023 2849 campis
1071 2786 1217 2829 cum
1261 2764 1489 2829 messis
1534 2764 1857 2828 inhorruit
1904 2767 1969 2826 et
2015 2784 2159 2825 cum

344 2854 669 2918 frumenta
709 2853 782 2917 in
825 2853 1014 2918 viridi
1060 2852 1300 2937 stipula
1343 2852 1651 2917 lactentia
1694 2849 2001 2936 turgent?
2347 2864 2452 2911 315

348 2963 536 3026 saepe
582 2962 732 3027 eg0‚
777 2962 923 3005 cum
966 2940 1149 3005 flavis
1195 2961 1544 3004 messorem
1588 2939 1918 3003 induceret
1964 2936 2132 3000 arvis

348 3029 633 3114 agricola
678 3032 742 3093 et
787 3028 1006 3114 fragili
1050 3029 1181 3092 iam
1227 3028 1575 3113 stringeret
1618 3026 1860 3090 hordea
1904 3024 2113 3090 culmo
2129 3075 2146 3109 ‚

349 3117 565 3182 omnia
608 3119 946 3181 ventorum
992 3137 1366 3181 concurrere
1409 3114 1654 3199 proelia
1697 3114 1854 3191 vidi,

349 3227 510 3289 quae
558 3204 886 3290 gravidam
931 3204 1062 3269 late
1111 3207 1394 3289 segetem
1441 3203 1521 3267 ab
1567 3200 1888 3266 radicibus
1933 3200 2082 3264 imis

349 3292 690 3361 sublimem
735 3291 1085 3376 expulsam*
1115 3294 1436 3375 eruerent3
1481 3291 1577 3354 ita
1621 3289 1878 3353 turbine
1923 3289 2111 3372 nigro
2323 3302 2457 3351 '320

348 3379 544 3444 ferret
585 3380 791 3445 hiems
839 3380 1243 3463 culmumque
1289 3378 1494 3443 levem
1541 3376 1936 3461 stipulasque
1980 3374 2288 3438 volantes.

350 3489 537 3551 saepe
582 3468 778 3532 etiam
821 3468 1208 3532 immensum
1254 3466 1430 3531 caelo
1476 3465 1652 3530 venit
1698 3486 1928 3549 agmen
1974 3484 2286 3545 aquarum

347 3559 416 3619 et
456 3555 712 3619 foedam
759 3556 1119 3641 glomerant
1164 3558 1616 3638 tempestatem
1658 3552 1976 3616 imbribus
2024 3550 2181 3613 atris
