2673 3925
957 270 1376 328 GEORGICON
1413 272 1545 327 LIB.
1585 273 1679 330 ΠΙ.
1791 297 1796 303 ’
2240 276 2321 339 73

311 415 503 479 litore
547 415 621 479 in
665 419 951 480 extremo
999 438 1115 481 ceu
1159 416 1477 501 naufraga
1524 439 1795 502 corpora
1838 420 2073 484 fluctus

310 503 582 590 proluit3
625 503 926 568 insolitae
972 504 1234 590 fugiunt
1278 505 1349 567 in
1392 505 1661 569 flumina
1704 507 1999 591 phocae..

308 592 536 656 interit
581 597 648 656 et
693 592 904 657 curvis
951 593 1195 657 frustra
1241 592 1501 657 defensa
1545 594 1811 659 latebris

310 680 532 764 vipera
577 685 643 744 et
689 681 956 745 attoniti
1002 680 1286 765 squamis
1334 681 1740 747 adstantibus
1786 683 1991 769 hydri.
2322 700 2423 749 545

308 768 469 852 ipsis
516 773 616 833 est
661 776 771 834 ae‘r
819 769 1046 833 avibus
1091 791 1223 833 non
1270 791 1510 853 aequus
1557 775 1623 834 et
1665 771 1815 836 illae

307 857 694 942 praecipites
743 858 876 921 alta
922 856 1126 921 vitam
1173 858 1292 922 sub
1338 859 1511 922 nube
1555 858 1944 943 relinquunt.

308 950 642 1029 praeterea
685 945 819 1009 iam
863 967 982 1010 nec
1028 945 1268 1010 mutari
1313 947 1552 1030 pabula
1595 947 1821 1031 refert,

311 1034 764 1117 quaesitaeque
808 1038 1047 1098 nocent
1093 1038 1291 1119 artes3
1340 1056 1585 1099 cessere
1631 1037 1955 1122 magistri,

306 1121 694 1207 Phillyrides
743 1120 987 1187 Chiron
1030 1122 1635 1207 Amythaoniusque
1680 1123 2057 1210 Melampus.
2320 1141 2422 1191 550

308 1211 514 1275 saevit
559 1214 624 1275 et
667 1210 740 1274 in
781 1211 992 1275 lucem
1039 1209 1285 1296 Stygiis
1331 1211 1568 1276 emissa
1612 1213 1894 1277 tenebris

306 1298 547 1382 pallida
591 1298 942 1383 Tisiphone
987 1298 1253 1363 Morbos
1300 1299 1439 1385 agit
1485 1305 1633 1364 ante
1678 1300 2080 1386 Metumque,

305 1386 500 1471 inque
547 1386 682 1452 dies
730 1386 986 1452 avidum
1035 1409 1305 1472 surgens
1352 1392 1547 1472 caput
1593 1388 1787 1454 altius
1834 1390 2033 1454 effert.

307 1475 531 1539 balatu
574 1497 881 1560 pecorum
926 1480 992 1540 et
1038 1476 1280 1541 crebris
1327 1475 1685 1562 mugitibus
1732 1500 1952 1543 amnes

306 1567 686 1648 arentesque
733 1569 969 1628 sonant
1014 1564 1191 1648 ripae
1239 1564 1561 1647 collesque
1607 1566 1838 1651 supini.
2318 1581 2419 1631 555

302 1651 560 1734 iamque
611 1652 990 1717 catervatim
1037 1652 1149 1715 dat
1194 1656 1480 1736 stragem
1528 1656 1720 1734 atque
1767 1659 2038 1738 aggerat
2082 1654 2242 1738 ipsis

303 1740 374 1802 in
419 1739 696 1803 stabulis
742 1739 919 1822 turpi
966 1736 1214 1822 dilapsa
1259 1740 1571 1803 cadavera
1614 1741 1793 1824 tabe,

306 1828 507 1891 donec
552 1827 750 1890 humo
797 1831 1017 1911 tegere
1065 1848 1139 1890 ac
1183 1826 1390 1891 foveis
1437 1827 1828 1892 abscondere
1876 1827 2147 1893 discunt.

302 1936 456 1979 nam
499 1937 708 1999 neque
756 1920 896 1979 erat
943 1913 1136 1979 coriis
1182 1937 1339 1981 usus
1384 1935 1504 1980 nec
1548 1915 1797 1981 viscera
1842 1916 2182 2001 quisquam

305 2010 420 2068 aut
462 2004 653 2068 undis
701 2002 957 2067 abolere
1003 2008 1220 2088 potest
1267 2009 1381 2069 aut
1427 2003 1679 2069 vincere
1726 2006 2013 2092 flamma3
2318 2023 2419 2073 560

301 2114 383 2156 ne
429 2093 693 2157 tondere
741 2092 999 2175 quidem
1044 2093 1272 2156 morbo
1316 2092 1683 2176 inluvieque
1728 2116 1956 2178 peresa

302 2180 541 2245 vellera
584 2202 702 2246 nec
747 2181 909 2245 telas
953 2186 1230 2265 possunt
1276 2182 1595 2266 attingere
1640 2187 1892 2269 putres3

301 2292 526 2334 verum
573 2269 770 2334 etiam
813 2268 1061 2334 invisos
1108 2270 1165 2334 si
1211 2270 1355 2353 quis
1401 2274 1753 2355 temptarat
1800 2270 2103 2356 amictus,

303 2359 598 2423 ardentes
644 2357 918 2442 papulae
966 2363 1158 2441 atque
1202 2358 1573 2422 immundus
1622 2359 1864 2423 olentia
1908 2362 2103 2424 sudor

302 2447 593 2510 membra
639 2446 1056 2530 sequebatur,
1098 2467 1217 2510 nec
1262 2446 1461 2531 longo
1509 2446 1732 2511 deinde
1779 2448 2060 2512 moranti
2318 2466 2420 2515 565

302 2540 592 2619 tempore
639 2537 973 2598 contactos
1021 2538 1200 2597 artus
1247 2556 1427 2598 sacer
1472 2534 1643 2619 ignis
1692 2536 1936 2601 edebat.

1094 2766 1518 2775 ——--.——..

874 2965 1752 3050 GEORGIOON

1048 3157 1570 3233 LIBERTV.

390 3325 702 3391 Protinus
750 3326 906 3391 aerii
953 3326 1162 3392 mellis
1211 3327 1514 3392 caelestia
1560 3329 1727 3392 dona

302 3436 631 3498 exsequar.
677 3416 843 3481 hanc
890 3415 1114 3500 etiam,
1157 3415 1495 3480 Maecenas
1506 3468 1524 3499 ‚
1568 3416 1823 3502 adspice
1867 3420 2135 3501 partem.

302 3503 680 3568 admiranda
724 3504 847 3568 tibi
891 3504 1131 3569 levium
1169 3504 1547 3588 spectacula
1588 3527 1804 3569 rerum

298 3592 878 3678 magnanimosque
925 3593 1116 3657 duces
1162 3592 1493 3676 totiusque
1541 3593 1760 3657 ordine
1810 3590 2019 3678 gentis
