2673 3925
961 264 1381 323 GEORGICON
1418 267 1553 323 LIB.
1588 268 1682 322 IV.
2246 269 2323 332 ἵῖ)

310 434 500 497 saepe
547 411 745 476 etiam
790 411 1068 496 effossiS,
1115 411 1171 476 si
1215 434 1367 476 vera
1413 416 1512 476 est
1555 410 1756 496 fama,
1800 412 2068 477 latebris

311 500 431 565 sub
477 505 652 564 terra
694 500 910 565 fovere
954 499 1184 584 larem,
1227 500 1612 585 penitusque
1657 505 1947 585 repertae

307 589 797 673 pumicibusque
844 589 1016 653 cavis
1064 610 1414 671 exesaeque
1462 588 1709 652 arboris
1756 592 1961 652 antro.

309 681 384 740 tu
428 681 648 740 tamen
692 681 757 741 et
800 676 927 741 levi
972 677 1213 741 rimosa
1259 676 1498 741 cubilia
1540 676 1695 740 limo
2362 694 2430 743 45

309 786 479 850 unge
525 766 749 829 fovens
797 766 1038 829 circum
1085 769 1149 829 et
1195 787 1373 828 raras
1421 764 1778 849 superinice
1825 763 2105 830 frondes.

308 874 435 917 neu
479 853 742 938 propius
789 853 979 917 tectis
1025 858 1248 917 taxum
1295 853 1458 937 sine,
1501 874 1661 917 neve
1707 853 2011 917 rubentes

245 1008 250 1013 ,
308 964 422 1005 1110
467 942 611 1006 foco
661 963 953 1026 cancros,
999 941 1166 1005 altae
1212 963 1340 1006 neu
1385 942 1569 1005 crede
1612 940 1860 1025 paludi,

309 1035 422 1094 aut
466 1029 579 1093 ubi
626 1031 784 1094 odor
830 1029 1009 1094 caeni
1058 1029 1271 1115 gravis
1319 1033 1432 1094 aut
1476 1029 1589 1092 ubi
1636 1051 1916 1094 concava
1958 1029 2153 1113 pulsu

307 1140 464 1182 saxa
510 1122 745 1182 sonant
790 1117 1093 1202 vocisque
1142 1118 1389 1182 offensa
1431 1117 1703 1181 resultat
1748 1116 1984 1202 imago,
2362 1135 2427 1183 50

396 1205 581 1281 Quod
628 1211 938 1291 superest,
984 1206 1098 1269 ubi
1140 1207 1398 1291 pulsam
1442 1204 1721 1269 hiemem
1767 1206 1865 1270 sol
1912 1227 2142 1270 aureus
2189 1205 2325 1290 egit

308 1295 428 1358 sub
477 1299 680 1358 terras
728 1295 1100 1378 caelumque
1150 1294 1395 1359 aestiva
1439 1294 1581 1358 luce
1626 1292 1919 1379 reclusit,

306 1381 456 1446 illae
503 1382 809 1447 continuo
858 1383 1060 1447 saltus
1108 1383 1430 1467 silvasque
1474 1385 1823 1466 peragrant

306 1492 787 1555 purpureosque
835 1476 1087 1536 metunt
1132 1472 1324 1536 flores
1372 1475 1439 1535 et
1484 1470 1750 1534 flumina
1794 1470 2004 1534 libant

307 1581 559 1624 summa
601 1560 791 1625 leves.
864 1560 1016 1626 hine
1059 1559 1277 1625 nescio
1328 1582 1456 1642 qua
1502 1558 1831 1623 dulcedine
1878 1559 2085 1622 laetae
2362 1574 2428 1622 55

304 1647 681 1732 progeniem
726 1648 1038 1730 nidosque
1083 1647 1334 1731 fovent,
1378 1646 1531 1710 hinc
1578 1651 1713 1710 arte
1758 1650 2048 1711 recentes

304 1736 630 1799 excudunt
676 1757 852 1799 ceras
901 1740 967 1798 et
1012 1734 1204 1798 mella
1247 1733 1502 1799 tenacia
1545 1734 1816 1818 fingunt.

306 1820 457 1886 hinc
502 1822 617 1885 ubi
660 1822 793 1886 iam
837 1822 1145 1886 emissum
1191 1822 1401 1886 caveis
1448 1822 1530 1884 ad
1575 1821 1785 1884 sidera
1831 1820 1989 1885 caeli

305 1932 460 1975 nare
504 1932 620 1995 per
666 1914 978 1976 aestatem
1021 1909 1333 1994 liquidam
1380 1909 1741 1995 suspexeris
1789 1929 2020 1995 agmen

308 2000 775 2083 obscuramque
821 1999 993 2064 trahi
1039 2004 1231 2064 vento
1279 1999 1596 2063 mirabere
1641 1998 1906 2083 nubem,
2361 2016 2428 2064 60

305 2088 806 2172 contemplator:
854 2110 1053 2171 aquas
1101 2088 1315 2152 dulces
1364 2091 1429 2151 εὴ
1474 2086 1740 2150 frondea
1787 2107 2037 2170 semper

309 2180 480 2240 tecta
522 2180 771 2260 petunt.
844 2176 970 2241 huc
1015 2181 1088 2240 111
1132 2177 1345 2240 iussos
1392 2176 1703 2260 adsperge
1750 2196 2011 2259 sapores
2022 2225 2040 2259 ‚

198 2315 199 2320 1
305 2264 465 2328 trita
509 2264 919 2349 melisphylla
963 2269 1029 2328 et
1075 2264 1401 2329 cerinthae
1445 2264 1733 2350 ignobile
1782 2284 2074 2348 gramen,

304 2353 705 2436 tinnitusque
753 2354 847 2417 cie
894 2357 960 2416 εὴ
1004 2352 1235 2417 Matris
1283 2357 1475 2435 quate
1522 2351 1818 2436 cymbala
1864 2350 2124 2415 circum.

304 2441 483 2525 ipsae
529 2440 865 2505 consident
909 2440 1242 2504 medicatis
1291 2440 1575 2522 sedibuS,
1619 2439 1799 2523 ipsae
2360 2455 2425 2504 65

304 2529 537 2592 intima
582 2549 760 2592 more
807 2549 925 2592 suo
973 2550 1111 2591 sese
1155 2528 1226 2591 in
1271 2528 1591 2591 cunabula
1635 2526 1928 2592 condent.

397 2614 514 2679 Sin
545 2621 762 2680 autem
804 2616 883 2679 ad
913 2637 1201 2700 pugnam
1233 2615 1505 2679 exierint
1537 2651 1622 2662 —
1653 2637 1806 2679 nam
1841 2636 2030 2699 saepe
2068 2614 2319 2678 duobus

303 2704 567 2790 regibus
612 2704 878 2769 incessit
924 2725 1161 2789 magno
1208 2703 1526 2768 discordia
1571 2708 1753 2768 motu
1800 2739 1885 2751 —-

306 2791 739 2876 continuoque
787 2793 1036 2856 animos
1083 2791 1261 2876 vulgi
1308 2796 1375 2856 et
1419 2791 1808 2875 trepidantia
1853 2791 2024 2855 bello

305 2882 500 2946 corda
544 2881 696 2946 licet
739 2880 935 2966 longe
978 2880 1435 2966 praesciscere3
1478 2901 1753 2963 namque
1799 2883 2126 2943 morantes
2360 2897 2424 2945 70

303 2968 580 3034 Martius
625 2969 734 3033 ille
782 2969 948 3033 aeris
996 2968 1175 3033 rauci
1222 2989 1418 3032 canor
1461 2967 1753 3051 increpat
1799 2971 1865 3032 et
1909 2989 2035 3032 vox

305 3058 564 3123 auditur
607 3057 848 3121 fractos
897 3057 1147 3122 sonitus
1192 3057 1452 3120 imitata
1495 3056 1825 3141 tubarum3

302 3152 444 3211 tum
490 3145 776 3230 trepidae
821 3146 992 3209 inter
1037 3167 1105 3210 se
1153 3148 1387 3209 coeunt
1430 3143 1782 3229 pennisque
1830 3148 2174 3209 coruscant

305 3235 675 3335 spiculaque
722 3237 1043 3298 exacuunt
1088 3232 1317 3297 rostris
1367 3235 1719 3316 aptantque
1765 3232 2043 3296 lacertos

302 3328 369 3387 et
415 3323 585 3388 circa
628 3344 848 3408 regem
896 3325 1088 3406 atque
1132 3321 1276 3406 ipsa
1321 3322 1404 3384 ad
1446 3319 1771 3405 praetoria
1818 3321 2050 3384 densae
2358 3336 2422 3384 75

303 3411 656 3475 miscentur
700 3409 1081 3496 magnisque
1125 3413 1361 3474 vocant
1407 3409 1794 3473 clamoribus
1840 3409 2114 3472 hostem.

303 3520 458 3584 ergo
506 3498 617 3562 ubi
663 3521 774 3563 ver
817 3502 1045 3563 nactae
1093 3499 1324 3562 sudum
1370 3518 1755 3581 camposque
1799 3499 2126 3582 patenteS,

302 3591 650 3671 erumpunt
694 3588 930 3672 portis;
977 3586 1410 3670 concurritur,
1456 3585 1713 3650 aethere
1758 3584 1828 3647 in
1874 3584 2007 3649 alto
