2673 3925
308 239 441 294 Vm

308 379 416 435 lior
466 384 552 435 est
596 379 960 450 Pragensis
1007 382 1141 448 (Π),
1193 378 1349 433 cuius
1396 395 1502 448 ope
1546 379 1764 449 aliquot
1805 380 1917 434 loci
1964 377 2209 448 corrupti
2253 377 2315 432 in

310 467 590 536 integrum
623 467 994 521 restituuntur
1029 477 1087 521 et
1122 464 1504 522 emendantur.

450 555 533 609 De
579 554 934 624 strophica
970 554 1359 609 Bucolicorum
1395 554 1891 624 compositione
1927 555 2077 610 idem
2115 554 2313 622 sentio,

312 642 462 710 quod
478 641 569 697 W.
591 641 642 697 S.
663 641 1012 712 Teuffel.¹⁸)
1076 642 1272 712 Neque
1302 641 1365 698 Ο.
1392 642 1701 697 Ribbeck
1734 660 1915 712 neque
1942 645 2008 699 H.
2039 644 2317 697 Kolster

310 746 491 799 neque
536 728 637 783 alii
678 729 840 784 nobis
883 733 1187 799 potuerunt
1225 731 1563 800 persuadere
1598 732 1863 787 Bucolica
1900 749 1934 786 a
1969 731 2219 801 Vergilio
2256 732 2319 786 in

313 817 572 887 strophas
610 833 730 872 esse
769 816 1007 886 digesta.

453 905 518 958 In
553 905 1050 975 orthographia
1083 922 1155 961 ne
1190 924 1363 960 unum
1402 907 1629 975 quidem
1666 909 2031 978 eumdemque
2069 909 2319 964 codicem

312 992 424 1048 sibi
472 995 726 1047 constare
778 993 916 1048 satis
965 997 1163 1049 notum
1212 997 1312 1050 est.
1388 994 1525 1049 Cum
1575 998 1764 1050 autem
1815 997 2132 1051 constantia
2178 1015 2318 1067 opus

315 1080 391 1135 sit
415 1079 475 1133 in
501 1080 645 1135 libro
672 1080 860 1151 pueris
887 1082 1178 1151 tradendo,
1205 1082 1267 1136 in
1285 1082 1693 1154 orthographia
1710 1083 2065 1140 Wilhelmi
2089 1085 2319 1139 Bram-

313 1168 485 1223 bach
542 1169 857 1224 habitantis
905 1169 966 1223 in
1014 1169 1121 1223 hoc
1169 1186 1372 1239 genere
1420 1170 1739 1226 litterarum
1786 1176 2089 1243 praecepta
2141 1173 2321 1228 secuti

316 1275 520 1312 sumus„

454 1344 643 1400 Editio
679 1343 981 1412 AeneidOS,
1033 1360 1203 1413 quam
1250 1346 1516 1400 Wenzel
1564 1347 1864 1403 Kloucek
1908 1348 2148 1417 curavit,
2197 1352 2322 1404 tum

316 1434 540 1487 demum
574 1431 736 1486 nobis
775 1431 972 1485 adlata
1009 1435 1119 1501 est,
1158 1450 1284 1487 cum
1319 1433 1435 1487 iam
1471 1435 1651 1489 maior
1684 1452 1815 1505 pars
1851 1435 2017 1490 huius
2056 1436 2320 1492 editionis

314 1521 466 1590 typis
505 1523 653 1574 esset
688 1521 985 1590 descripta.
1058 1521 1253 1590 Neque
1292 1522 1567 1587 dolemus;
1618 1523 1921 1578 Kloucek
1955 1524 2103 1578 enim
2138 1524 2323 1580 infeli-

317 1609 455 1663 citer
480 1607 654 1662 fuisse
683 1609 969 1678 audacem,
1005 1627 1168 1664 nemo
1205 1628 1318 1665 non
1355 1611 1637 1679 concedet,
1675 1609 1773 1679 qui
1806 1610 2085 1667 Aeneidos
2124 1613 2323 1668 editio-

314 1715 446 1752 nem
481 1696 806 1767 diligentius
847 1697 1265 1755 examinaverit.

457 1787 708 1855 Itemque
723 1786 774 1839 A
784 1786 975 1840 emili
990 1788 1037 1842 B
1049 1804 1084 1841 a
1094 1787 1211 1842 ehr
1221 1804 1251 1842 e
1261 1807 1300 1841 n
1311 1806 1336 1842 s
1358 1786 1775 1842 emendationes
1788 1785 2077 1857 (FleckeiS.
2089 1789 2123 1842 J
2124 1790 2321 1846 ahrbb.

319 1881 457 1930 1884
492 1893 546 1944 p.
586 1881 686 1929 391
712 1892 831 1944 sqq.
873 1881 1009 1930 1885
1046 1895 1102 1946 p.
1143 1881 1246 1931 385
1269 1878 1440 1946 sqq),
1495 1892 1835 1944 quamquam
1888 1875 2175 1945 ingeniose
2232 1893 2324 1932 ex·

319 1962 602 2033 cogitatae
640 1965 785 2030 sunt,
821 1960 883 2015 in
915 1980 1034 2017 rem
1067 1966 1321 2017 nostram
1356 1964 1422 2015 ut
1458 1966 1919 2029 converteremuS,
1959 1979 1993 2015 a
2019 1962 2182 2016 nobis
2210 1983 2325 2020 non

316 2051 601 2121 potuimus
629 2050 955 2119 impetrare3
990 2050 1140 2105 iusto
1177 2050 1326 2104 enim
1361 2049 1543 2118 magis
1582 2050 1654 2103 ab
1693 2047 2029 2102 auctoritate
2067 2049 2322 2105 codicum

318 2140 601 2194 recedunt.

459 2226 748 2296 Superest,
787 2229 851 2280 ut
883 2227 1246 2297 praecipuam
1283 2225 1586 2281 lectionum
1622 2223 1955 2278 varietatem
1992 2222 2321 2283 adiciamuS.

459 2386 508 2454 ¹⁸)
546 2384 624 2439 Cf.
654 2383 828 2440 Rom.
865 2385 1023 2441 Litt.
1053 2392 1172 2455 222,
1203 2394 1260 2441 3:
1291 2429 1303 2441 .
1335 2429 1348 2440 .
1380 2428 1392 2440 .
1435 2383 1619 2437 ‘Wem
1656 2384 1802 2435 etwa
1839 2381 2013 2436 durch
2052 2382 2141 2436 die
2180 2384 2323 2439 Aus-

321 2458 578 2525 stattung
622 2456 722 2509 der
757 2456 1028 2511 Gedichte
1062 2458 1169 2512 mit
1203 2463 1294 2511 Λα
1306 2459 1340 2529 β
1368 2455 1420 2509 α’
1453 2454 1519 2527 β’,
1558 2472 1720 2521 aaaa,
1750 2452 1964 2508 a'a'a'a'
2003 2471 2055 2508 u.
2080 2470 2120 2509 8.
2142 2453 2179 2509 f.
2220 2456 2324 2511 das

318 2525 687 2582 Verstandnis
738 2527 1030 2582 derselben
1075 2529 1192 2582 und
1241 2527 1332 2581 die
1368 2526 1583 2580 Frende
1634 2524 1810 2577 daran
1854 2523 2056 2578 erhoht
2097 2526 2327 2581 worden

321 2598 442 2652 sein
479 2598 668 2665 sollte,
717 2598 844 2652 dem
881 2598 961 2651 sei
998 2599 1098 2652 das
1134 2616 1245 2654 von
1280 2599 1496 2651 Herzen
1531 2597 1804 2665 gegonnt3
1849 2594 1952 2647 wir
1995 2595 2219 2649 kennen
2264 2614 2324 2651 es

318 2668 477 2723 nicht
511 2686 621 2722 von
656 2686 759 2722 uns
795 2668 1029 2723 riihmen
1065 2670 1180 2723 und
1213 2669 1401 2721 haben
1438 2666 1529 2720 die
1564 2655 1997 2735 Uberzeugung,
2053 2666 2183 2719 dass
2232 2667 2324 2722 die

319 2754 496 2808 ganze
529 2738 853 2807 Hypothese
888 2756 988 2794 vor
1024 2740 1174 2794 einer
1209 2738 1639 2807 unbefangenen
1665 2736 2048 2805 Betrachtung
2084 2737 2182 2790 der
2212 2738 2324 2791 Ek-

318 2810 488 2879 logen
524 2810 701 2864 selbst
733 2810 891 2864 nicht
919 2810 1096 2864 Stand
1129 2810 1268 2864 halt.
1324 2809 1484 2863 Auch
1520 2807 1730 2861 konnte
1768 2806 2013 2861 dieselbe
2051 2807 2193 2860 ohne
2233 2808 2324 2863 die

317 2880 755 2934 herkommliche
789 2880 1160 2949 Auswerfung
1196 2880 1349 2933 einer
1374 2878 1593 2932 Anzahl
1618 2878 1808 2945 Verse,
1848 2877 1939 2930 die
1976 2877 2066 2930 ihr
2099 2877 2324 2931 hinder-

319 2949 434 3004 lich
477 2968 686 3018 waren,
731 2951 847 3004 und
891 2951 1034 3005 ohne
1080 2950 1372 3004 Annahme
1420 2948 1655 3003 etlicher
1704 2948 1930 3001 Lficken
1976 2964 2049 3000 an
2093 2947 2324 3018 Stellen,

319 3037 405 3074 wo
445 3024 599 3075 sonst
633 3021 896 3075 niemand
933 3025 1105 3075 etwas
1143 3021 1450 3076 vermissen
1477 3018 1668 3073 wfirde
1699 3018 1825 3088 (wie
1853 3018 1983 3072 VIII
2012 3022 2097 3086 58,
2134 3018 2185 3072 X
2213 3023 2323 3088 47),

321 3090 479 3145 nicht
513 3093 916 3162 durchgeffihrt
950 3093 1174 3146 werden
1195 3135 1207 3149 .
1230 3134 1242 3147 .
1266 3134 1278 3147 .
1301 3094 1336 3147 .'
1361 3121 1428 3133 -·-

1115 3322 1530 3334 ---——-——-——-
