2673 3925
362 243 489 299 XIV
1175 244 1556 300 GEORGIOA.

361 389 462 439 321
502 384 742 457 ferret]
770 385 988 441 verrit
1013 387 1217 441 Mei-ser
1242 384 1310 440 N.
1341 385 1572 439 Jahrbb.
1601 384 1693 438 fiir
1719 383 1863 440 Phil.
1893 384 2009 439 und
2034 384 2204 440 Paed.
2234 391 2374 440 1872

361 491 415 542 p.
438 479 520 528 19.
560 505 628 515 -
665 480 770 529 334
807 476 909 528 aut
943 474 1093 529 male
1130 490 1165 527 a
1199 476 1370 543 poeta
1405 472 1654 544 positum
1691 476 1792 528 aut
1821 473 2223 543 interpolatum
2252 489 2375 528 esse

362 560 637 617 iudicavit
669 563 832 617 Ribb.
853 562 981 617 lect.
1000 562 1167 632 Verg.
1188 567 1247 628 53
1286 562 1386 616 sed
1419 578 1612 616 versus
1648 560 1811 615 lectis
1846 561 2142 616 verborum
2178 560 2375 615 colori-

361 648 466 703 bus
497 649 752 719 depictus
781 666 910 705 vere
937 650 1296 719 Vergilianus
1326 652 1429 706 est.
1458 680 1527 691 --
1566 657 1670 705 360
1709 649 1960 721 curvis]
1988 650 2116 719 My,
2155 665 2191 703 a
2228 667 2375 703 cur-

361 738 465 793 vis
502 738 655 795 Rbc.
704 770 771 780 —
819 744 921 794 365
968 738 1431 810 impendente]
1480 738 1666 807 codd.,
1713 737 2118 807 impellente
2154 738 2377 793 Bossler

363 826 400 881 1.
428 824 466 883 1.
494 845 550 896 p.
582 832 682 882 157
720 829 1026 897 praeeunte
1072 828 1276 883 Vossio.
1317 858 1385 868 —
1424 832 1527 882 393
1566 828 1831 899 operta]
1869 826 2097 896 Pecu-llo„
2133 829 2376 896 aperta

363 916 540 986 vulyo.
580 946 648 956 —
684 920 805 971 404.
845 914 925 970 Cf.
957 920 1076 970 242.
1115 946 1183 956 -
1220 920 1324 969 418
1364 914 1536 987 vias]
1571 914 1756 969 vices
1795 916 1958 970 Ribb.
1997 946 2064 955 —
2100 919 2202 968 457
2240 931 2375 968 mo-

362 1004 545 1075 veat]
582 1003 725 1057 bene
768 1005 1057 1072 receptum
1094 1006 1181 1057 est
1218 1019 1285 1057 ex
1319 1003 1404 1071 M,
1452 1002 1551 1073 qui
1586 1002 1789 1056 habuit
1823 1004 2091 1057 moveat
2126 1004 2374 1057 correcto

365 1110 401 1145 v
426 1090 489 1145 in
513 1110 567 1160 n,
603 1094 874 1146 moneat
899 1092 1160 1161 RybcH.
1192 1123 1259 1133 —
1287 1096 1390 1147 481
1429 1090 1715 1163 proluit]
1745 1091 1904 1146 codd.
1941 1090 2185 1160 plurimi,
2221 1107 2376 1161 pro-

365 1179 507 1234 ruit
555 1181 743 1235 Acron
792 1180 866 1233 ad
910 1180 1041 1235 Hor.
1081 1196 1247 1235 carm.
1286 1180 1366 1235 IV
1401 1184 1460 1248 4,
1500 1186 1592 1248 66,
1642 1178 1975 1248 prosiluit
2010 1182 2091 1246 H,
2143 1195 2255 1247 qua
2305 1179 2374 1232 de

366 1266 604 1322 lectione
634 1267 701 1323 cf.
729 1263 971 1324 Kvicala
988 1267 1025 1322 1.
1045 1268 1082 1323 l.
1102 1286 1156 1337 p.
1180 1274 1301 1337 253,
1341 1267 1439 1336 qui
1467 1267 1786 1337 suspicatur
1819 1265 2107 1336 prosilit
2133 1266 2375 1321 fortasse

368 1355 670 1426 legendum
727 1373 865 1413 esse.
921 1388 989 1398 —
1046 1361 1148 1412 513
1205 1356 1466 1411 addunt
1519 1355 1587 1410 in
1643 1355 1895 1427 spatia]
1950 1360 2052 1425 72,
2118 1355 2378 1411 addunt

371 1494 601 1565 spatia
637 1496 710 1564 R,
759 1466 1304 1566 adduntmspatiss
1333 1497 1419 1564 M,
1476 1494 1737 1549 addunt
1782 1512 1850 1550 se
1896 1494 1965 1549 in
2009 1495 2240 1565 spatia
2277 1512 2374 1565 ος,

370 1584 640 1652 ardent,
685 1583 756 1637 in
792 1584 1024 1654 spatia
1060 1585 1345 1652 Schrader,
1394 1582 1656 1637 addunt
1691 1599 1760 1637 se
1798 1583 2023 1653 spatio
2072 1585 2268 1655 Wayn.
2307 1614 2375 1624 —

367 1672 505 1727 Post
539 1677 645 1726 514
668 1690 720 1728 v.
759 1678 1039 1727 498—502
1075 1672 1213 1742 poni
1246 1672 1372 1726 vult
1406 1672 1610 1727 Peerlk.
1649 1702 1717 1712 —
2152 1657 2161 1664 ⁶

510 1760 564 1814 H
601 1767 632 1816 8
671 1760 992 1833 direptis]
1020 1761 1283 1830 Myabc,
1322 1758 1630 1830 dereptis
1658 1758 1887 1814 Mentel.
1914 1777 1997 1828 pr.
2028 1791 2095 1800 —
2125 1766 2192 1814 22
2222 1763 2378 1814 sunt

371 1848 575 1918 aliae,
614 1866 779 1917 quas
817 1848 965 1920 ipse
999 1850 1174 1921 vias]
1214 1849 1458 1920 Scaliyer
1493 1847 1653 1917 proll.
1682 1846 1751 1902 in
1786 1846 1979 1902 Manil.
2015 1865 2069 1917 p.
2110 1855 2158 1917 9,
2195 1849 2377 1918 Βίόὂ.,

371 1959 531 2034 alie,
571 1953 737 2033 qusss
774 1965 923 2035 ipse
960 1965 1072 2019 via
1105 1966 1189 2032 M,
1238 1962 1369 2017 alii
1404 1980 1569 2032 quos
1607 1961 1760 2033 ipsa
1797 1961 1909 2017 via
1945 1983 2003 2031 γ,
2051 1962 2177 2017 alii
2214 1982 2377 2033 quos

401 2069 519 2122 pse
555 2053 666 2106 via
704 2053 895 2121 abce,
925 2054 1160 2108 Servius.
1192 2083 1259 2092 —
1294 2056 1506 2106 39—46
1533 2054 1666 2120 post
1690 2069 1740 2105 v.
1762 2056 1793 2104 8
1821 2049 1956 2120 poni
1982 2050 2107 2105 vult
2131 2053 2379 2122 Hanow;

370 2141 521 2194 idem
557 2146 625 2194 42
664 2143 794 2195 ante
830 2146 896 2194 41
935 2138 1127 2209 posuit
1163 2141 1222 2192 et
1255 2156 1357 2208 pro
1397 2139 1480 2193 da
1516 2156 1642 2193 cum
1678 2140 1886 2194 Peerlk.
1935 2138 2092 2193 dare
2139 2139 2378 2194 scriben-

373 2230 507 2283 dum
535 2244 657 2282 esse
695 2227 1005 2292 existimat3
1045 2226 1144 2281 sed
1172 2225 1241 2281 cf.
1273 2243 1420 2294 quae
1450 2227 1686 2297 Schaper
1722 2227 1791 2281 de
1827 2227 1935 2281 hac
1961 2244 2021 2281 re
2057 2226 2379 2283 acutissime

373 2315 687 2386 disputavit
733 2314 795 2369 in
842 2333 1033 2385 progr.
1073 2314 1252 2369 Berol.
1294 2321 1432 2370 1873
1477 2333 1532 2385 p.
1573 2321 1637 2370 13
1659 2333 1740 2384 sq.
1792 2347 1860 2357 —
1911 2321 1977 2370 81
2031 2315 2293 2388 exsilit]
2330 2338 2379 2386 γ,

372 2457 552 2525 Βῶὺ.,
579 2455 721 2511 exit
752 2456 868 2526 alii,
902 2455 1285 2526 exiitWayn.
1312 2488 1380 2497 —
1406 2462 1472 2511 82
1509 2457 1955 2529 miraturque]
1973 2418 2382 2532 mirmathM

309 2580 317 2591 ι
375 2548 533 2614 (corr.
547 2544 728 2599 colore
745 2545 952 2616 rubro),
972 2543 1224 2598 mirata
1250 2562 1326 2599 us
1339 2561 1465 2613 que
1484 2545 1735 2615 Schaper.
1750 2551 1932 2599 -126
1953 2546 2379 2618 tardumque]

376 2631 778 2701 acidumque
814 2635 1046 2701 Peerlk,
1084 2632 1391 2702 ingeniose.
1430 2664 1497 2674 —-
1538 2639 1638 2687 129
1677 2650 1744 2687 ex
1780 2633 1977 2703 Georg.
2015 2634 2096 2687 III
2133 2639 2235 2688 283
2272 2634 2383 2688 huc

375 2718 683 2795 translatus
721 2723 809 2775 est
844 2723 916 2776 ab
953 2721 1168 2777 editore
1204 2720 1519 2787 Parmensi3
1558 2707 1826 2776 efficito.
1865 2720 1992 2775 lect.
2020 2721 2187 2790 Verg.
2225 2725 2274 2777 4.
2313 2752 2381 2764 —

379 2813 482 2862 169
517 2806 785 2876 Decios,
822 2807 1096 2879 Marios]
1133 2808 1521 2875 Deciosque
1556 2824 1774 2861 mares
1808 2808 2012 2863 Peerlk.
2050 2808 2286 2862 haerens
2322 2808 2382 2861 in

377 2895 557 2950 Mario
585 2895 733 2950 inter
757 2895 975 2964 Decios,
1015 2895 1280 2951 Camillos
1309 2899 1433 2963 etc.,
1470 2898 1644 2960 recte3
1684 2911 1757 2948 an
1792 2893 2035 2949 Decios
2070 2899 2382 2964 magnos?

377 2984 622 3039 Decios
667 2985 922 3039 Mures?
968 3015 1036 3025 —
1085 2989 1188 3037 219
1224 2982 1502 3055 viridis]
1539 2982 1753 3038 viridi
1788 2982 1853 3037 R.
1892 3013 1960 3023 —
1998 2988 2099 3037 220
2139 2983 2229 3054 et]
2267 2992 2384 3035 aut

378 3073 593 3129 Mcorr.
614 3089 682 3127 ex
699 3073 1028 3128 ΤΤ.-256
1066 3071 1216 3140 quis
1256 3071 1387 3142 cui]
1417 3070 1729 3139 quisquis
1766 3071 1963 3139 Ribb.,·
2000 3069 2384 3125 codd.utrum-

381 3177 488 3229 que
525 3161 806 3215 exhibent.
852 3192 919 3203 —
969 3167 1066 3214 261
1117 3160 1276 3213 deest
1309 3159 1370 3211 in
1406 3162 1488 3227 Π,
1526 3174 1561 3211 a
1597 3175 1767 3212 manu
1802 3156 2108 3213 recentiore
2144 3157 2205 3211 in
2239 3173 2385 3210 mar-

380 3249 511 3319 gine
533 3249 776 3304 additus.
798 3279 866 3289 —
886 3254 987 3302 267
1011 3246 1369 3301 arboribus
1387 3244 1756 3318 —feratur]
1778 3243 2136 3299 arboribus
2165 3261 2383 3314 seges,

383 3337 469 3405 ei,
516 3354 643 3405 quo
688 3353 835 3391 mox
880 3335 1157 3405 digesta
1193 3333 1506 3388 ferantur
1542 3334 1774 3406 Madvig]
1809 3333 1846 3390 l.
1884 3333 1921 3388 l.
1958 3351 2013 3403 p.
2051 3339 2136 3389 47.
2176 3363 2244 3374 -
2281 3338 2382 3387 271

384 3443 578 3514 quae]
626 3437 750 3511 qu&
797 3440 858 3509 P,
911 3459 948 3495 a
997 3440 1125 3494 add.
1169 3457 1316 3495 man.
1358 3445 1415 3505 23
1468 3456 1621 3509 qua,
1673 3441 1822 3508 quod
1872 3439 2086 3510 recepit
2134 3439 2388 3510 Schaper,

386 3529 739 3584 commendat
775 3529 958 3599 Spitta
997 3526 1222 3592 Quaest.
1259 3528 1427 3596 Verg.
1468 3533 1603 3583 1867
1641 3546 1696 3599 p.
1736 3535 1821 3585 22.
1860 3561 1927 3571 -
1966 3535 2067 3584 287
2107 3529 2200 3602 se]
2239 3528 2386 3583 dele·
