2673 3925
346 249 425 311 12
970 248 1031 302 P.
1052 245 1347 301 VERGILI
1382 245 1639 301 MARON
1645 246 1711 301 IS

339 392 608 477 murice,
649 392 781 455 iam
826 412 1049 456 croceo
1097 390 1376 455 mutabit
1421 391 1657 455 vellera
1700 391 1869 476 lut03

340 484 569 565 sponte
615 501 732 544 sua
776 481 1020 564 sandyx
1064 484 1397 563 pascentes
1444 479 1678 543 vestiet
1723 499 1943 564 agnos.
2380 494 2465 543 45

427 567 640 631 ‘Talia
684 567 933 650 saecla,'
981 567 1116 632 suis
1161 567 1458 631 dixerunt
1504 566 1805 632 ‘currite'
1852 566 2014 630 fusis

340 655 685 720 concordes
733 656 952 720 stabili
998 655 1281 720 fatorum
1325 654 1587 719 numine
1633 653 1889 720 Parcae.

341 744 683 829 adgredere
720 766 758 808 o
794 765 1065 830 magnos
1104 780 1188 790 —
1226 744 1431 807 aderit
1465 744 1597 808 iam
1633 748 1887 828 tempus
1925 780 2009 790 —
2046 743 2345 828 honores,

341 855 489 897 cara
532 832 722 897 deum
766 832 1052 916 suboles,
1095 853 1402 917 magnum
1447 831 1621 896 Iovis
1664 832 2155 897 incrementum!

342 920 595 1004 adspice
642 942 922 985 convexo
968 924 1304 986 nutantem
1349 921 1628 1005 pondere
1672 921 2007 1005 mundum,
2378 934 2458 982 50

340 1013 668 1093 terrasque
714 1013 1085 1093 tractusque
1131 1008 1327 1072 maris
1375 1008 1746 1093 caelumque
1791 1008 2209 1093 profundum,

342 1097 624 1181 adspice,
669 1100 937 1161 venturo
982 1096 1303 1161 laetentur
1350 1103 1425 1162 ut
1471 1097 1687 1161 omnia
1732 1097 1968 1161 saeclo!

430 1183 484 1249 Ο
529 1148 689 1248 mi'hi
735 1189 875 1248 tum
917 1185 1150 1270 longae
1195 1189 1453 1249 maneat
1496 1206 1646 1269 pars
1693 1184 1924 1249 ultima
1967 1184 2164 1270 vitae,

341 1273 607 1357 spiritus
653 1277 746 1356 et,
793 1278 1104 1357 quantum
1149 1278 1251 1337 sat
1296 1273 1420 1337 erit
1465 1277 1580 1337 tua
1624 1272 1830 1337 dicere
1876 1273 2074 1338 facta:

340 1383 473 1426 non
515 1383 617 1425 me
664 1361 1053 1426 carminibus
1098 1360 1312 1426 vincet
1354 1382 1473 1425 nec
1518 1360 1829 1425 Thracius
1877 1346 2195 1445 Orpheus,
2378 1373 2452 1422 55

340 1472 456 1514 nec
492 1448 712 1533 Linus,
754 1448 904 1514 huic
950 1453 1156 1513 mater
1191 1449 1482 1533 quamvis
1521 1454 1712 1532 atque
1748 1448 1898 1514 huic
1933 1453 2117 1533 pater
2154 1449 2343 1535 adsit,

342 1536 581 1621 Orphei
627 1534 981 1621 Calliopea,
1022 1534 1188 1600 Lino
1233 1535 1556 1601 formosus
1601 1534 1856 1621 Apollo.

249 1681 256 1687 .
340 1625 480 1691 Pan
523 1624 745 1710 etiam,
788 1624 1067 1689 Arcadia
1110 1646 1361 1689 mecum
1407 1624 1463 1689 si
1506 1624 1716 1690 iudice
1762 1629 1989 1710 certet,

339 1713 478 1779 Pan
524 1712 720 1778 etiam
755 1712 1032 1778 Arcadia
1077 1713 1249 1777 dicat
1293 1735 1362 1778 se
1405 1713 1613 1778 iudice
1658 1713 1918 1778 victum.

427 1802 674 1886 Incipe,
717 1824 910 1886 parve
954 1823 1139 1886 puer,
1182 1801 1317 1866 risu
1364 1822 1750 1888 cognoscere
1795 1806 2092 1867 matrem:
2378 1814 2450 1864 60

341 1891 534 1955 matri
578 1890 775 1976 longa
819 1890 1037 1954 decem
1081 1889 1370 1954 tulerunt
1413 1890 1676 1955 fastidia
1720 1912 1987 1955 menses.

339 1981 577 2065 incipe,
620 2000 815 2063 parve
858 2000 1041 2062 puer:
1090 1978 1192 2043 cui
1235 2001 1368 2043 non
1413 1979 1608 2044 risere
1652 1983 1980 2063 parentes,

342 2089 456 2134 1160
502 2068 655 2131 deus
699 2067 871 2130 hunc
916 2088 1165 2150 mensa,
1210 2067 1328 2130 dea
1371 2088 1488 2130 nec
1535 2066 1802 2150 dignata
1847 2066 2044 2131 cubili
2091 2071 2206 2131 est.

1053 2227 1060 2235 ’
1102 2256 1452 2324 ECLOGA
1497 2258 1575 2323 V.

961 2377 1365 2434 MENALCAS.
1430 2378 1728 2434 MOPSUS.

429 2505 561 2579 Cur
602 2528 761 2592 non,
814 2506 1068 2591 Mopse,
1120 2506 1275 2571 boni
1324 2505 1627 2591 quoniam
1672 2508 2084 2573 convenimus
2132 2515 2342 2594 amb0,

339 2601 413 2661 tu
461 2594 739 2660 calamos
784 2594 1010 2658 inflare
1054 2594 1255 2680 leves,
1301 2615 1423 2680 ego
1471 2595 1678 2660 dicere
1722 2618 1973 2679 versuS,

338 2684 445 2749 hic
491 2682 726 2767 corylis
771 2681 1007 2746 mixtas
1050 2682 1222 2747 inter
1267 2683 1670 2748 consedimus
1715 2648 1973 2748 ulmos‘}
2024 2716 2029 2720 ·

338 2771 465 2836 M0.
519 2770 620 2835 Tu
664 2769 895 2854 maior3
947 2770 1072 2834 tibi
1118 2793 1219 2834 me
1266 2775 1367 2835 est
1412 2792 1684 2855 aequum
1726 2794 1977 2857 parere,
2030 2771 2340 2859 Menalca,

340 2859 473 2925 sive
519 2860 640 2924 sub
684 2858 964 2923 incertas
1009 2858 1303 2942 zephyris
1350 2860 1749 2924 motantibus
1795 2824 2085 2945 umbias,
2374 2873 2404 2921 5

340 2949 473 3013 sive
521 2951 707 3011 antro
751 2946 970 3030 potius
1018 2946 1431 3011 succedimus.
1505 2947 1786 3032 adspice,
1830 2952 1905 3012 ut
1950 2953 2207 3013 antrum

340 3036 653 3101 silvestris
700 3034 862 3098 raris
910 3034 1148 3119 sparsit
1190 3035 1490 3100 labrusca
1532 3035 1818 3100 racemis.

338 3123 461 3189 Me.
507 3122 840 3187 Montibus
884 3122 956 3186 in
1000 3124 1241 3188 nostris
1288 3123 1462 3187 solus
1510 3123 1632 3187 tibi
1679 3128 1885 3188 certat
1929 3123 2266 3207 Amyntas.

338 3211 466 3276 Mo,
513 3211 699 3296 Quid,
743 3211 799 3275 si
833 3210 1005 3275 idem
1051 3215 1251 3276 061161
1283 3209 1620 3276 Phoebum
1665 3233 1964 3295 superare
2010 3212 2335 3276 canendo?

337 3299 460 3365 Me.
505 3299 744 3385 Incipe,
787 3298 1031 3384 Mopse,
1073 3300 1268 3384 prior,
1313 3299 1370 3363 si
1416 3320 1575 3382 quos
1622 3303 1734 3362 aut
1776 3298 2091 3381 Phyllidis
2136 3300 2339 3386 ignes,
2376 3314 2438 3363 10

341 3394 453 3453 aut
495 3387 762 3453 Alconis
807 3388 1008 3452 habes
1052 3387 1271 3452 laudes
1319 3390 1430 3451 aut
1473 3386 1685 3471 iurgia
1732 3383 1940 3449 Codri.

338 3477 575 3561 incipe.
618 3480 956 3561 pascentes
1003 3476 1283 3540 servabit
1327 3473 1588 3557 Tityrus
1631 3473 1888 3537 haedos

338 3565 465 3630 Mo,
512 3565 720 3630 Immo
766 3565 953 3647 haec,
996 3564 1068 3627 in
1111 3561 1301 3628 viridi
1346 3583 1549 3645 nuper
1597 3583 1756 3645 quae
1803 3562 2040 3628 cortice
2086 3565 2222 3651 fagi
