2673 3925
345 243 430 307 56
966 241 1025 295 P.
1053 238 1349 293 VERGILI
1384 237 1710 291 MARONIS

343 407 462 450 nec
508 384 681 449 casia
723 383 952 465 liquidi
998 383 1429 465 corrumpitur
1473 403 1627 445 usus
1676 381 1854 446 olivi:

346 479 413 537 at
459 494 681 536 secura
726 471 905 554 quies
953 475 1017 534 et
1061 470 1278 534 nescia
1319 469 1541 533 fallere
1586 469 1740 553 vita,

346 562 519 625 dives
568 581 761 643 opum
807 559 1145 643 variarum,
1192 562 1260 621 at
1303 557 1454 621 latis
1504 558 1638 620 otia
1681 557 1895 621 fundis
1942 595 2025 603 —

346 649 684 732 speluncae
729 647 983 729 vivique
1028 645 1206 710 lacus
1254 650 1318 709 et
1364 645 1601 730 frigida
1643 645 1880 728 Tempe

344 735 756 820 mugitusque
801 735 1000 798 boum
1044 733 1396 816 mollesque
1443 734 1563 796 sub
1610 733 1836 796 arbore
1884 733 2091 796 somni
2142 771 2215 780 —-
2351 751 2462 798 470

343 846 475 889 non
520 823 780 908 absunt3
823 822 957 886 illic
1004 821 1204 885 saltus
1251 844 1325 885 ac
1370 820 1576 884 lustra
1619 820 1926 905 ferarum,

346 916 410 976 et
454 911 706 995 patiens
755 931 1019 994 operum
1065 910 1421 994 exiguoque
1468 910 1733 972 adsueta
1775 908 2099 992 iuventus,

347 1021 529 1063 sacra
574 999 762 1062 deum
809 998 1143 1081 sanctique
1186 1002 1431 1082 patres;
1479 1001 1759 1060 extrema
1802 1018 1916 1080 per
1958 997 2106 1060 illos

344 1086 607 1151 Iustitia
653 1087 957 1150 excedens
1004 1086 1194 1149 terris
1241 1085 1518 1169 vestigia
1561 1084 1731 1148 fecit.

431 1174 536 1238 Me
582 1196 731 1238 vero
777 1174 1057 1257 primum
1102 1173 1316 1237 dulces
1365 1177 1511 1236 ante
1559 1172 1773 1236 omnia
1817 1171 2067 1255 Musae,
2348 1190 2459 1238 4⁴75

346 1284 616 1345 quarum
663 1284 845 1326 sacra
888 1262 1026 1325 fero
1071 1261 1320 1347 ingenti
1367 1282 1704 1344 percussus
1752 1280 1995 1343 amore,

346 1350 664 1434 accipiant
709 1349 991 1432 caelique
1037 1349 1172 1412 vias
1220 1353 1285 1412 et
1330 1348 1537 1411 sidera
1582 1351 1967 1431 monstrent,

346 1438 630 1502 defectus
677 1438 832 1501 solis
879 1437 1092 1500 varios
1137 1436 1451 1518 lunaeque
1496 1434 1776 1519 labores3

328 1527 510 1590 ,unde
556 1529 798 1588 tremor
842 1524 1059 1607 terris,
1104 1545 1231 1606 qua
1273 1523 1340 1586 vi
1385 1523 1587 1586 maria
1631 1521 1765 1585 alta
1808 1526 2168 1586 tumescant

346 1613 637 1677 obicibus
681 1612 889 1696 ruptis
935 1633 1279 1694 rursusque
1324 1611 1396 1674 in
1440 1632 1507 1674 se
1550 1610 1692 1694 ipsa
1736 1609 2047 1693 residant,
2348 1627 2458 1676 480

347 1701 499 1785 quid
542 1705 797 1765 tantum
844 1698 1095 1764 Oceano
1140 1703 1485 1783 properent
1532 1720 1597 1762 se
1644 1697 1935 1782 tinguere
1982 1698 2147 1761 soles
2204 1725 2207 1728 ⁴

343 1788 624 1874 hiberni,
668 1788 769 1853 vel
816 1810 976 1871 quae
1022 1788 1223 1851 tardis
1270 1808 1452 1851 mora
1493 1787 1791 1850 noctibus
1840 1786 2070 1850 obstet.

345 1877 471 1961 sin,
515 1877 632 1941 has
677 1899 758 1940 ne
802 1876 1045 1960 possim
1089 1880 1357 1939 naturae
1405 1875 1697 1939 accedere
1742 1878 1984 1957 partes,

344 1966 619 2051 frigidus
668 1965 995 2028 obstiterit
1043 1964 1280 2028 circum
1323 1962 1695 2047 praecordia
1741 1961 2029 2047 sanguis,

342 2076 495 2116 rura
539 2052 699 2116 mihi
746 2057 811 2116 et
854 2052 1025 2136 rigui
1069 2051 1366 2135 placeant
1409 2051 1479 2113 in
1522 2051 1796 2114 vallibus
1843 2071 2060 2113 amnes
2070 2101 2086 2133 ,
2345 2066 2454 2115 485

343 2141 609 2203 flumina
655 2161 861 2202 amem
908 2138 1224 2221 silvasque
1268 2138 1600 2222 inglorius
1675 2159 1711 2200 o
1757 2138 1870 2201 ubi
1915 2137 2122 2220 campi

346 2226 822 2311 Spercheosque
868 2230 932 2289 et
976 2225 1334 2309 virginibus
1381 2225 1692 2289 bacchata
1735 2224 2041 2289 Lacaenis

343 2316 656 2399 Taygeta!
706 2334 742 2377 o
791 2313 902 2397 qui
946 2335 1048 2376 me
1096 2312 1322 2397 gelidis
1371 2312 1767 2377 convallibus
1812 2312 2043 2376 Haemi

345 2403 534 2466 sistat
579 2406 644 2466 et
686 2402 938 2486 ingenti
982 2422 1307 2464 ramorum
1350 2405 1652 2486 protegat
1695 2401 1946 2464 umbra!

340 2490 522 2573 felix,
568 2490 679 2573 qui
721 2490 936 2573 potuit
979 2511 1193 2553 rerum
1239 2509 1622 2574 cognoscere
1670 2510 1893 2552 causas
2341 2503 2450 2553 490

344 2582 536 2660 atque
583 2581 793 2640 metus
842 2598 1060 2641 omnes
1107 2580 1173 2640 et
1217 2576 1610 2640 inexorabile
1655 2576 1862 2640 fatum

340 2664 615 2729 subiecit
659 2664 926 2748 pedibus
975 2664 1441 2747 strepitumque
1486 2664 1873 2728 Acherontis
1921 2663 2120 2727 avari!

342 2751 710 2816 fortunatus
757 2755 821 2816 et
865 2751 1001 2834 ille,
1048 2751 1199 2815 deos
1248 2751 1358 2835 qui
1401 2752 1582 2815 novit
1630 2756 1913 2836 agrestes

340 2838 643 2922 Panaque
692 2837 1144 2921 Silvanumque
1193 2860 1408 2902 senem
1451 2837 1912 2923 Nymphasque
1960 2840 2233 2902 sorores!

339 2926 524 2990 illum
567 2948 700 2990 non
742 2928 964 3011 populi
1011 2926 1216 2990 fasces
1226 2977 1244 3010 ,
1286 2948 1421 2990 non
1463 2950 1746 3011 purpura
1790 2948 2014 3010 regum
2342 2941 2450 2991 495

340 3013 520 3077 flexit
564 3018 630 3077 et
672 3014 903 3078 infidos
951 3015 1204 3099 agitans
1252 3014 1569 3079 discordia
1611 3015 1842 3078 fratres

343 3105 455 3164 aut
501 3101 833 3165 coniurato
882 3102 1265 3167 descendens
1311 3102 1527 3167 Dacus
1574 3104 1654 3166 ab
1700 3102 1955 3186 Histro,

338 3209 472 3251 non
515 3210 617 3252 res
663 3188 992 3254 Romanae
1035 3189 1447 3274 perituraque
1492 3212 1717 3275 regna3
1761 3212 1968 3273 neque
2012 3189 2119 3252 ille

341 3280 453 3339 aut
499 3276 705 3339 doluit
751 3276 1060 3341 miserans
1105 3277 1364 3360 inopem
1410 3282 1522 3341 aut
1565 3278 1796 3342 invidit
1840 3277 2120 3341 habenti.

343 3383 500 3446 quos
547 3364 710 3427 rami
755 3364 1029 3448 fructus,
1075 3386 1233 3447 quos
1279 3365 1423 3448 ipsa
1465 3366 1749 3429 volentia
1792 3388 1940 3428 rura
2346 3380 2451 3429 500

341 3454 569 3534 sponte
615 3452 819 3516 tulere
867 3474 1010 3536 sua,
1055 3452 1322 3536 carpsit,
1366 3476 1481 3518 nec
1528 3453 1735 3516 ferrea
1778 3454 1921 3515 iura

337 3538 760 3623 insanumque
806 3539 1018 3603 forum
1066 3545 1176 3603 aut
1222 3540 1445 3624 populi
1490 3540 1810 3603 tabularia
1854 3538 2029 3602 vidit.
