2673 3925
1007 228 1424 286 GEORGICON
1459 231 1594 286 LIB.
1632 232 1672 285 I.
2245 233 2327 295 41

330 377 625 438 exactum
670 373 752 438 ad
797 395 1080 438 mensem
1125 373 1346 458 pluvia
1388 373 1723 457 ventisque
1769 375 2106 461 carebunt,
2335 392 2437 442 435

330 465 605 545 votaque
652 461 887 526 servati
935 462 1185 526 solvent
1227 462 1298 526 in
1341 461 1532 526 litore
1576 466 1810 525 nautae

332 547 573 614 Glauco
621 554 684 613 et
725 548 1065 634 Panopeae
1112 554 1179 615 et
1221 550 1383 614 Inoo
1429 549 1812 614 Melicertae.

329 637 427 701 sol
475 659 727 721 quoque
769 643 839 703 et
884 638 1173 702 exoriens
1220 642 1286 720 et
1330 660 1477 704 cum
1522 660 1590 702 se
1638 639 1868 702 condet
1913 638 1982 702 in
2026 639 2258 724 undas,

330 725 517 810 signa
562 726 768 810 dabit,
813 725 1014 790 solem
1062 725 1425 790 certissima
1448 725 1656 811 signa
1701 730 2083 809 sequuntur,

329 816 393 877 et
440 835 599 896 quae
646 836 831 877 mane
877 813 1074 877 refert
1120 817 1185 877 et
1231 835 1392 897 quae
1439 814 1851 900 surgentibus
1899 815 2107 879 astris.
2331 832 2436 881 440

325 900 435 964 ille
480 901 592 965 ubi
636 906 1007 966 nascentem
1053 901 1320 966 maculis
1366 901 1712 966 variaverit
1759 907 1968 966 ortum

328 990 622 1053 conditus
668 990 738 1053 in
780 991 1019 1056 nubem
1063 990 1400 1073 medioque
1445 989 1757 1076 refugerit
1804 991 1985 1075 orbe,

328 1077 610 1162 suspecti
655 1077 778 1142 tibi
823 1077 955 1143 sint
996 1077 1261 1143 imbres:
1305 1099 1583 1162 namque
1629 1081 1818 1164 urget
1862 1079 1941 1143 ab
1972 1079 2122 1144 ¹alto

327 1165 790 1249 arboribusque
838 1166 1122 1249 satisque
1166 1169 1362 1232 notus
1407 1165 1748 1249 pecorique
1794 1166 2068 1231 sinister.

326 1257 439 1316 aut
483 1252 596 1316 ubi
643 1254 762 1318 sub
808 1253 1016 1318 lucem
1063 1254 1258 1318 densa
1300 1254 1472 1317 inter
1515 1254 1739 1318 nubila
1783 1276 1920 1319 sese
1961 1283 1965 1287 -
2326 1271 2430 1319 445

325 1340 558 1405 diversi
605 1345 905 1425 rumpent
949 1341 1113 1406 radii
1159 1347 1272 1406 aut
1316 1342 1430 1406 ubi
1473 1341 1714 1426 pallida
1760 1347 1980 1428 surget
2058 1401 2061 1406 .

324 1428 586 1493 Tithoni
633 1451 926 1495 croceum
970 1429 1266 1514 linquens
1311 1430 1566 1494 Aurora
1604 1430 1852 1514 cubile,

323 1516 475 1602 heu,
523 1517 689 1581 male
734 1522 876 1582 tum
921 1518 1110 1582 mites
1158 1518 1454 1582 defendet
1497 1519 1838 1603 pampinus
1883 1541 2068 1584 uvas·

323 1609 460 1668 tam
505 1605 773 1669 multa
754 1628 824 1669 1n
869 1606 1059 1670 tectis
1107 1606 1426 1690 crepitans
1474 1606 1625 1669 salit
1667 1606 1928 1670 horrida
1975 1607 2233 1693 grando,

321 1693 446 1758 hoc
492 1694 713 1777 etiam,
758 1713 1016 1757 emenso
1064 1714 1209 1756 cum
1252 1693 1385 1756 iam
1432 1692 1679 1757 decedit
1725 1691 2025 1779 Olympo,
2300 1710 2428 1760 1450

321 1780 638 1881 profuerit
682 1780 1049 1844 meminisse
1095 1780 1330 1865 magis3
1374 1802 1526 1844 nam
1573 1802 1760 1864 saepe
1805 1781 2090 1846 videmus

320 1868 525 1953 ipsius
569 1868 640 1932 in
684 1867 869 1932 vultu
914 1867 1125 1931 varios
1173 1889 1383 1931 errare
1412 1868 1700 1932 'zcolores

324 1956 651 2022 caeruleus
696 1955 981 2041 pluviam
1026 1956 1387 2041 denuntiat,
1431 1956 1658 2042 igneus
1706 1978 1920 2041 euros3

324 2045 423 2110 sin
468 2045 754 2109 maculae
804 2043 1113 2129 incipient
1157 2044 1356 2108 rutilo
1400 2044 1817 2109 immiscerier
1860 2043 2026 2130 igni,

324 2132 539 2197 omnia
582 2138 723 2197 tum
766 2132 1010 2217 pariter
1054 2137 1246 2197 vento
1290 2133 1655 2216 nimbisque
1700 2131 1944 2197 videbis
2325 2152 2428 2201 455

321 2222 579 2286 fervere.
649 2242 781 2285 non
825 2221 938 2285 illa
983 2221 1321 2305 quisquam
1368 2243 1470 2286 me
1514 2225 1702 2286 nocte
1749 2243 1862 2305 per
1907 2220 2110 2285 altum

320 2311 413 2374 ire
458 2331 663 2394 neque
711 2310 791 2374 ab
838 2313 1010 2373 terra
1053 2312 1309 2374 moveat
1357 2310 1708 2374 convellere
1753 2309 1988 2373 funem.

323 2402 390 2461 at
437 2397 519 2481 si,
564 2419 710 2462 cum
754 2397 1112 2480 referetque
1159 2397 1327 2464 diem
1375 2397 1729 2480 condetque
1774 2397 2076 2482 relatum,

320 2485 568 2568 lucidus
616 2485 790 2548 orbis
838 2485 986 2569 erit,
1030 2484 1274 2548 frustra
1317 2485 1638 2548 terrebere
1683 2485 1920 2549 nimbis

323 2576 388 2637 et
434 2573 605 2637 claro
653 2572 847 2637 silvas
894 2594 1113 2637 cernes
1160 2571 1458 2656 aquilone
1504 2572 1763 2637 moveri.
2316 2592 2424 2641 460

322 2661 617 2745 denique,
663 2660 817 2745 quid
859 2682 1085 2744 vesper
1129 2682 1307 2724 serus
1353 2659 1544 2745 ferat,
1589 2660 1754 2725 unde
1803 2682 2056 2726 serenas

321 2753 550 2813 ventus
597 2752 751 2834 agat
792 2748 1024 2830 nubeS,
1070 2748 1222 2831 quid
1268 2748 1511 2835 cogitet
1555 2749 1809 2813 umidus
1857 2753 2101 2835 auster,

323 2836 423 2900 sol
468 2836 589 2899 tibi
637 2836 823 2921 signa
868 2836 1064 2900 dabit.
1138 2837 1339 2901 solem
1386 2837 1528 2920 quis
1575 2838 1781 2902 dicere
1826 2836 2061 2902 falsum

323 2924 598 2988 audeat?
642 2923 751 2987 ille
798 2924 995 2988 etiam
1043 2946 1264 2989 caecos
1309 2924 1551 2989 instare
1596 2924 1913 2989 tumultus

322 3034 509 3097 saepe
555 3015 775 3075 monet
816 3011 1230 3095 fraudemque
1277 3016 1344 3076 et
1389 3017 1612 3097 operta
1655 3016 2007 3077 tumescere
2053 3014 2237 3078 bella.
2319 3031 2421 3080 465

243 3182 247 3187 .
318 3100 428 3164 ille
476 3099 670 3164 etiam
716 3099 1033 3169 exstincto
1079 3101 1419 3165 miseratus
1466 3098 1735 3164 Caesare
1780 3098 2081 3187 Romam,

323 3211 468 3261 cum
514 3191 707 3273 caput
754 3188 1027 3254 obscura
1069 3187 1346 3252 nitidum
1391 3187 1714 3273 ferrugine
1761 3189 1923 3252 texit

319 3275 642 3360 impiaque
690 3279 1015 3340 aeternam
1059 3270 1414 3340 timuerunt
1459 3275 1713 3341 saecula
1755 3281 2027 3341 noctem.

321 3368 607 3447 tempore
637 3384 1025 3448 quamquam
1051 3363 1165 3427 iHo
1192 3364 1384 3428 tellus
1414 3385 1667 3448 quoque
1702 3367 1766 3427 et
1804 3350 2080 3446 aequora
2113 3366 2319 3451 ponti,

323 3452 756 3539 obscenaeque
803 3474 990 3516 canes
1035 3451 1566 3536 importunaeque
1612 3451 1900 3516 volucres
2319 3471 2424 3521 470

320 3540 507 3625 signa
552 3538 808 3604 dabant.
882 3539 1180 3623 quotiens
1228 3537 1580 3625 Cyclopum
1628 3540 1924 3604 effervere
1968 3539 2038 3612 in
2082 3562 2272 3626 agros
