2673 3925
997 253 1417 310 GEORGICON
1454 254 1587 310 LIB.
1626 254 1717 310 ΙΙΙ.
2274 258 2351 319 71

356 398 494 461 (1113
536 420 653 483 per
694 398 1027 462 incautum
1074 403 1335 483 serpant
1383 398 1685 484 contagia
1730 399 1979 485 vulgus.

352 507 486 549 non
528 491 664 550 tam
711 487 931 551 creber
975 508 1173 571 agens
1219 487 1500 550 hiemem
1545 488 1677 551 ruit
1723 509 1998 570 aequore
2044 489 2267 574 turbo,
2357 507 2461 555 470

356 596 547 657 quam
591 574 831 638 multae
874 576 1191 658 pecudum
1235 578 1468 659 pestes,
1512 596 1631 639 nec
1679 575 1934 661 singula
1978 577 2189 641 morbi

355 684 626 746 corpora
670 663 1052 747 corripiunt,
1098 664 1208 727 sed
1254 667 1397 727 tota
1442 663 1687 727 aestiva
1730 668 2021 749 repente,

355 772 657 836 spemque
707 771 1094 835 gregemque
1142 739 1335 815 simul
1383 755 1804 835 cunctamque
1852 753 1931 816 ab
1981 753 2228 837 origine

1656 843 1933 939 gentem.

352 932 492 991 tum
538 927 731 1012 sciat,
778 925 983 990 aerias
1029 926 1229 1011 Alpes
1276 931 1343 991 et
1387 925 1629 991 Norica
1673 927 1728 991 si
1776 927 1918 1010 quis

352 1015 619 1080 castella
662 1015 733 1078 111
778 1014 1044 1079 tumulis
1092 1021 1158 1079 et
1200 1014 1461 1100 Iapydis
1510 1038 1662 1080 arva
1705 1015 1957 1080 Timavi
2356 1035 2459 1083 475

349 1126 520 1168 nunc
567 1124 820 1187 quoque
863 1107 1015 1187 post
1060 1107 1245 1167 tanto
1291 1103 1506 1167 videat
1550 1103 1925 1188 desertaque
1970 1127 2170 1190 regna

350 1196 685 1275 pastorum
731 1195 796 1255 et
838 1191 1031 1277 longe
1080 1192 1284 1255 saltus
1328 1192 1585 1275 lateque
1630 1196 1949 1257 vacantes,

438 1277 565 1344 Hic
612 1279 935 1363 quondam
981 1279 1209 1344 morbo
1259 1280 1418 1343 caeli
1464 1279 1826 1344 miseranda
1872 1285 2095 1345 coorta
2140 1287 2239 1346 est

350 1371 700 1451 tempestas
748 1371 1015 1451 totoque
1064 1367 1359 1432 autumni
1403 1367 1736 1432 incanduit
1781 1373 1964 1433 aestu

350 1460 416 1519 et
462 1477 663 1541 genus
711 1478 897 1520 omne
941 1456 1085 1521 neci
1129 1457 1446 1540 pecudum
1493 1456 1692 1540 dedit,
1738 1478 1924 1521 omne
1969 1456 2280 1542 ferarum,
2353 1475 2458 1524 480

351 1543 762 1644 corrupitque
808 1544 1017 1629 lacuS‚
1059 1544 1285 1609 infecit
1330 1544 1570 1629 pabula
1613 1546 1779 1609 tabe.

346 1653 464 1696 nec
509 1632 616 1696 via
659 1632 887 1696 mortis
936 1636 1075 1696 erat
1121 1631 1420 1717 simplex;
1467 1632 1577 1695 sed
1621 1633 1735 1695 ubi
1777 1632 1970 1717 ignea
2012 1635 2191 1698 venis

350 1719 649 1783 omnibus
698 1722 844 1782 acta
890 1720 1033 1783 sitis
1079 1719 1351 1783 miseros
1400 1719 1749 1782 adduxerat
1796 1724 1973 1783 artus
1984 1770 2002 1803 ‚

347 1828 570 1871 rursus
618 1806 988 1870 abundabat
1033 1807 1266 1870 fluidus
1309 1806 1524 1889 liquor
1570 1805 1909 1888 omniaque
1954 1807 2027 1870 in
2071 1830 2138 1872 se

350 1916 500 1959 ossa
542 1893 914 1959 minutatim
960 1895 1188 1958 morbo
1235 1894 1540 1978 conlapsa
1584 1894 1901 1958 trahebat.
2352 1915 2450 1965 485

348 2005 538 2068 saepe
582 1982 655 2047 in
695 1983 940 2048 honore
986 1983 1175 2047 deum
1220 1983 1430 2047 medio
1477 1989 1654 2048 stans
1699 1983 1916 2047 hostia
1961 1984 2041 2048 ad
2086 2007 2290 2071 aram,

345 2071 547 2136 lanea
578 2070 730 2135 dum
774 2071 962 2135 nivea
1006 2071 1439 2136 circumdatur
1480 2071 1688 2136 infula
1731 2071 1921 2156 vitta,

344 2159 516 2224 inter
561 2164 935 2224 cunctantes
983 2160 1213 2224 cecidit
1257 2159 1641 2224 moribunda
1684 2160 2033 2225 ministros

348 2252 461 2312 aut
506 2247 562 2313 si
610 2269 802 2330 quam
846 2247 1017 2313 ferro
1063 2252 1460 2313 mactaverat
1505 2253 1654 2312 ante
1701 2250 1996 2313 sacerdos
2006 2301 2023 2333 ,

345 2336 494 2400 inde
538 2357 744 2419 neque
790 2336 1114 2421 impositis
1161 2337 1389 2400 ardent
1435 2336 1667 2400 altaria
1709 2337 1919 2420 fibris,
2350 2356 2454 2404 490

346 2445 464 2489 1160
509 2445 820 2507 responsa
862 2429 1081 2507 potest
1127 2423 1459 2488 consultus
1505 2424 1765 2487 reddere
1810 2429 1989 2487 vates
2000 2475 2019 2509 ,

349 2533 423 2576 30
467 2511 577 2574 vix
623 2511 945 2595 suppositi
989 2512 1380 2596 tinguuntur
1425 2511 1736 2596 sanguine
1784 2512 1975 2576 cultri

347 2620 724 2681 summaque
769 2597 986 2662 ieiuna
1033 2599 1210 2663 sanie
1253 2598 1616 2663 infuscatur
1657 2600 1914 2664 harena.

345 2687 496 2751 hinc
540 2686 729 2750 laetis
775 2685 964 2750 vituli
1008 2687 1204 2772 vulgo
1251 2686 1617 2751 moriuntur
1660 2687 1730 2751 in
1773 2688 1994 2752 herbis

347 2780 413 2839 61
458 2774 673 2839 dulces
721 2774 965 2839 animas
1010 2775 1202 2859 plena
1247 2775 1326 2839 ad
1370 2775 1706 2860 praesepia
1739 2775 2040 2861 reddunt;
2349 2797 2449 2846 495

345 2862 497 2928 hinc
544 2862 809 2927 canibus
855 2863 1107 2928 blandis
1152 2864 1366 2927 rabies
1413 2863 1589 2928 venit
1635 2868 1700 2927 et
1747 2864 1958 2947 quatit
2004 2886 2232 2951 aegros

346 2950 546 3015 tussis
595 2950 826 3015 anhela
871 2973 1015 3016 sues
1065 2974 1138 3016 ac
1182 2951 1478 3016 faucibus
1525 2951 1708 3036 angit
1755 2951 1986 3016 obesis,

343 3040 587 3104 labitur
628 3038 852 3103 infelix
898 3039 1258 3103 studiorum
1305 3043 1497 3122 atque
1541 3039 1883 3104 immemor
1926 3040 2161 3106 herbae

343 3129 552 3193 victor
598 3148 798 3209 equus
844 3126 1183 3212 fontesque
1231 3127 1544 3191 avertitur
1590 3131 1656 3191 et
1700 3128 1859 3211 pede
1906 3132 2144 3193 terram

345 3216 569 3281 crebra
612 3215 789 3299 ferit3
837 3215 1148 3280 demissae
1196 3237 1409 3299 aures,
1453 3215 1736 3279 incertus
1780 3215 2020 3281 ibidem
2350 3235 2450 3284 500

345 3304 538 3367 sudor
583 3309 649 3367 et
691 3302 801 3367 1116
849 3303 1104 3386 quidem
1150 3303 1482 3368 morituris
1528 3302 1829 3389 frigidus3
1876 3309 2014 3368 aret

342 3390 530 3475 pellis
577 3395 642 3455 61
689 3392 770 3454 3(1
814 3395 1063 3457 tactum
1107 3392 1417 3455 tractanti
1463 3390 1621 3455 dura
1664 3391 1927 3456 resistit.

341 3478 500 3543 haec
546 3483 694 3543 ante
741 3478 1009 3543 exitium
1054 3479 1280 3564 primis
1327 3480 1483 3543 dant
1529 3479 1716 3565 signa
1761 3479 2002 3544 diebus.

343 3566 445 3630 sin
487 3566 559 3630 in
601 3589 907 3651 processu
956 3567 1168 3653 coepit
1214 3568 1584 3632 crudescere
1631 3568 1924 3649 morbus,
