2673 3925
378 260 561 315 XVIII
945 258 1387 313 ECLOGARUM
1424 258 1818 313 SUMMARIA.

378 399 545 454 malis
590 416 780 454 omnes
817 399 1018 455 laetati
1054 403 1199 469 sunt,
1246 418 1373 455 cum
1416 400 1640 455 foedere
1684 400 2035 455 Brundusino
2080 400 2227 455 inter
2270 400 2383 452 An·

379 487 597 542 tonium
647 490 707 543 et
755 488 1124 544 Octavianum
1174 488 1473 544 concordia
1519 488 1784 543 restituta
1834 492 1998 544 esset.
2075 488 2253 554 Quam
2308 488 2384 542 ad

379 591 576 645 pacem
626 576 1034 631 conciliandam
1083 576 1421 632 adhibuerat
1467 576 1743 632 Antonius
1788 577 2044 632 Asinium
2079 576 2383 632 Polionem.

380 664 453 726 Is,
470 663 640 733 paulo
676 667 806 734 post
840 665 1076 720 Romam
1110 681 1364 720 reversus
1403 665 1595 719 consul
1633 668 1721 720 est
1753 665 1937 719 factus
1974 665 2079 719 sub
2123 664 2386 733 idemque

380 755 603 821 tempus
642 752 871 807 sustulit
904 752 1108 822 filium,
1146 753 1237 808 cui
1270 756 1502 823 propter
1535 756 1732 823 captas
1770 754 2028 822 Salonas,
2064 753 2386 809 Dalmatiae

384 838 696 909 civitatem,
744 840 1007 896 Salonino
1052 858 1254 896 nomen
1299 841 1474 898 dedit.
1548 842 1686 898 Cum
1728 842 1904 912 igitur
1937 841 2106 896 Italia
2141 842 2388 897 Polionis

383 928 682 999 praecipue
701 946 872 999 opera
899 946 967 984 ex
991 929 1229 984 miseriis
1256 930 1534 999 malisque
1562 930 1852 985 emersisse
1870 930 2168 999 videretur,
2198 947 2389 985 omnes

383 1032 711 1084 persuasum
747 1017 1051 1086 habebant,
1089 1034 1316 1073 auream
1354 1019 1658 1087 quamdam
1691 1018 1904 1073 instare
1942 1022 2202 1074 aetatem.
2274 1020 2389 1073 Ita-

387 1122 494 1173 que
543 1105 825 1174 Vergilius
887 1104 1236 1161 consulatum
1289 1105 1509 1161 Polioni
1562 1106 1881 1176 gratulatur
1935 1110 1993 1162 et
2045 1124 2173 1171 eum
2225 1109 2392 1177 quasi

388 1192 672 1262 auspicem
700 1196 759 1247 et
794 1193 992 1248 ducem
1026 1211 1205 1249 novae
1242 1194 1450 1249 aetatis
1485 1194 1726 1263 novique
1762 1212 1946 1249 rerum
1982 1195 2194 1250 ordinis
2229 1213 2390 1266 prae-

389 1280 558 1350 dicat,
597 1297 765 1350 quam
803 1286 1050 1337 aetatem
1087 1283 1201 1337 filio
1239 1282 1487 1337 Polionis
1523 1286 1658 1337 nato
1695 1283 1956 1353 portendi
1993 1287 2317 1354 auguratur.

1175 1431 1493 1492 ECLOGA
1538 1431 1609 1490 V.

534 1544 670 1599 Cum
716 1563 766 1600 a.
804 1564 858 1602 u.
898 1565 943 1602 c.
993 1554 1093 1601 712
1139 1547 1269 1601 Divi
1316 1546 1372 1602 C.
1420 1546 1528 1601 Iuli
1579 1546 1832 1601 Caesaris
1883 1547 2155 1603 natalicia
2202 1565 2394 1604 mense

392 1632 531 1687 Iulio
580 1650 680 1703 per
726 1637 907 1689 totam
966 1636 1379 1690 celebrarentur
1427 1634 1668 1703 Italiam,
1718 1635 2000 1705 Vergilius
2055 1637 2164 1691 hac
2200 1637 2396 1707 ecloga

395 1738 521 1776 eum
555 1721 826 1779 laudavit.
881 1724 1000 1779 VV.
1039 1730 1249 1779 20—44
1283 1724 1568 1793 pertinent
1604 1724 1678 1778 ad
1713 1740 1922 1793 necem,
1957 1743 2046 1779 vv.
2076 1729 2285 1781 56—80
2322 1726 2396 1780 ad

396 1810 745 1880 apotheosim
788 1810 1119 1882 Daphnidis,
1140 1812 1294 1867 cuius
1325 1813 1429 1867 sub
1456 1811 1679 1867 nomine
1699 1811 1904 1867 Caesar
1929 1812 2088 1867 latet.
2125 1812 2395 1883 Daphnis,

398 1897 774 1953 nobilissimus
809 1903 1020 1970 pastor,
1059 1899 1215 1954 cuius
1251 1903 1416 1971 pater
1450 1900 1755 1955 Mercurius
1791 1900 1966 1955 fuisse
2004 1900 2230 1972 dicitur,
2267 1905 2400 1972 post

396 1990 632 2042 mortem
666 1987 726 2040 in
762 1988 990 2042 deorum
1026 2005 1316 2042 numerum
1351 1989 1561 2044 relatus
1600 1993 1701 2044 est.

1164 2136 1483 2197 ECLOGA
1528 2137 1632 2195 VI.

540 2250 717 2305 Missa
767 2255 855 2306 est
903 2251 1043 2307 haec
1093 2252 1289 2321 ecloga
1336 2252 1537 2306 Alfeno
1589 2251 1764 2319 Var0,
1819 2250 1917 2320 qui
1971 2268 2096 2306 oum
2144 2250 2398 2306 Cornelio

402 2339 564 2395 Gallo
598 2342 768 2409 poeta
803 2340 876 2394 ab
906 2340 1211 2395 Octaviano
1241 2339 1460 2395 Galliae
1489 2338 1806 2408 Cisalpinae
1841 2339 2158 2409 praefectus
2193 2342 2298 2409 est,
2335 2344 2402 2395 ut

404 2428 553 2498 agris
590 2426 904 2482 dividendis
939 2429 1239 2497 praeesset.
1313 2428 1496 2481 Varus
1533 2429 1760 2497 poetam
1794 2427 2052 2481 hortatus
2090 2444 2210 2482 esse
2248 2427 2399 2482 vide-

402 2519 517 2584 tur,
561 2519 628 2572 ut
675 2523 895 2571 carmen
940 2516 1207 2571 scriberet
1242 2516 1488 2586 epicum,
1524 2516 1586 2570 in
1621 2533 1730 2585 quo
1767 2515 1905 2570 Vari
1938 2533 2026 2570 res
2062 2517 2211 2571 bello
2250 2517 2403 2571 civili

406 2609 600 2676 gestae
635 2605 1019 2671 laudarentur3
1068 2606 1166 2660 sed
1200 2605 1484 2674 Vergilius
1520 2605 1669 2660 Varo
1717 2604 2035 2659 bucolicum
2069 2604 2249 2660 mittit
2284 2622 2401 2660 car·

404 2710 548 2764 men,
575 2693 637 2747 in
663 2708 772 2761 quo
801 2693 1016 2748 Silenus
1043 2693 1287 2764 primum
1313 2694 1585 2763 originem
1611 2692 1807 2747 mundi
1834 2693 2001 2762 canit,
2030 2696 2152 2748 tum
2178 2694 2403 2748 fabulas

406 2783 679 2852 quasdam
713 2781 1131 2851 antiquissimas
1169 2782 1419 2852 attingit.

1157 2931 1476 2992 ECLOGA
1520 2932 1653 2993 VH.

548 3048 781 3103 Carmen
824 3047 1201 3102 amoebaeum.
1277 3047 1531 3116 Corydon
1576 3049 1634 3102 et
1668 3046 1897 3116 Tthsis
1941 3048 2197 3117 pastores
2235 3049 2401 3100 cantu

409 3138 628 3192 certant
663 3135 953 3191 adsidente
988 3135 1284 3206 Daphnide
1321 3138 1381 3191 et
1416 3134 1682 3191 arcessito
1718 3135 1995 3190 Meliboeo
2035 3134 2262 3189 arbitro,

1141 3284 1457 3366 ECLOGA
1504 3285 1669 3343 vm.

549 3400 725 3455 Missa
769 3404 857 3456 est
899 3400 1040 3456 haec
1085 3400 1281 3470 ecloga
1317 3399 1536 3455 Polioni
1578 3399 1835 3454 redeunti
1878 3398 1938 3453 in
1982 3398 2208 3453 Italiam
2241 3392 2407 3453 victis

409 3490 719 3559 Parthinis‚
753 3489 1071 3546 Dalmatiae
1106 3488 1330 3559 popu10.
1405 3487 1666 3544 Continet
1698 3488 1839 3542 haec
1876 3489 2070 3556 ecloga
2106 3487 2246 3540 duas
2281 3504 2406 3558 par-

410 3583 514 3649 te8‚
554 3586 757 3635 17—61
790 3582 848 3634 et
875 3584 1134 3635 64-109.
1180 3579 1245 3631 In
1270 3576 1373 3630 illa
1402 3578 1532 3630 sunt
1567 3575 1847 3644 querellae
1885 3576 2150 3631 amatoris
2191 3575 2407 3645 decepti
