2673 3925
325 243 406 305 14
953 244 1012 298 Ρ.
1032 242 1329 299 VERGILI
1365 243 1691 298 MARONIS

320 387 601 452 dicemus
646 386 1099 472 Daphnimque
1144 391 1331 451 tuum
1377 385 1679 467 tollemus
1727 388 1803 451 ad
1853 393 2054 473 astra3

318 474 625 559 Daphnin
652 476 733 540 ad
761 479 937 540 astra
963 474 1266 540 feremus:
1306 476 1548 541 amavit
1571 496 1694 539 nos
1723 496 1976 559 quoque
2004 474 2316 560 Daphnis,

318 562 445 627 Mo.
491 563 597 627 An
644 563 985 647 quicquam
1029 563 1220 628 nobis
1266 563 1383 627 tali
1431 564 1518 628 sit
1561 585 1823 629 munere
1870 564 2122 629 maius?

319 655 384 715 et
426 672 585 736 puer
626 650 765 735 ipse
810 650 937 716 fuit
981 652 1229 717 cantari
1274 651 1534 736 dignus,
1577 656 1645 716 et
1685 651 1815 716 ista

316 739 446 802 iam
492 738 740 823 pridem
788 737 1149 804 Stimichon
1191 739 1479 804 laudavit
1524 739 1808 804 carmina
1849 738 2056 804 nobis.
2354 757 2427 806 55

407 825 527 891 Me.
575 824 896 892 Candidus
940 827 1267 893 insuetum
1312 827 1584 892 miratur
1628 827 1826 892 limen
1871 826 2128 912 Olympi

319 915 440 978 sub
486 915 883 1000 pedibusque
928 915 1104 980 videt
1145 916 1350 980 nubes
1396 920 1464 980 et
1510 915 1719 980 sidera
1763 915 2073 1000 Daphnis.

317 1023 472 1089 ergo
519 1003 760 1068 alacres
807 1003 1001 1068 silvas
1047 1008 1114 1069 et
1158 1008 1372 1068 cetera
1416 1026 1568 1068 rura
1610 1004 1908 1088 voluptas

316 1089 619 1178 Panaque
662 1096 1080 1175 pastoresque
1126 1096 1304 1156 tenet
1349 1090 1766 1176 Dryadasque
1812 1091 2076 1177 puellas.

402 1176 540 1243 Nec
584 1179 774 1263 lupus
818 1178 1085 1244 insidias
1129 1178 1377 1264 pecori,
1418 1201 1537 1245 nec
1583 1179 1747 1244 retia
1791 1180 1994 1244 cervis
2351 1197 2427 1246 60

315 1266 448 1331 ulla
492 1266 712 1332 dolum
755 1268 1174 1332 meditamur:
1222 1271 1399 1332 amat
1443 1269 1652 1333 bonus
1700 1266 1833 1332 otia.
1876 1266 2188 1352 Daphnis.

313 1353 440 1439 ipsi
485 1354 738 1420 laetitia
781 1377 969 1421 voces
1017 1356 1097 1420 ad
1143 1355 1353 1420 sidera
1396 1356 1643 1421 iactant

312 1442 558 1507 intonsi
603 1447 883 1527 montes,
925 1444 1103 1527 ipsae
1147 1443 1279 1507 iam
1324 1443 1610 1508 carmina
1654 1465 1875 1528 rupes,

312 1530 454 1614 ipsa
499 1536 733 1595 sonant
779 1532 1067 1595 arbusta:
1114 1531 1297 1615 dena,
1344 1530 1495 1595 deus
1541 1531 1678 1615 ille,
1722 1530 2038 1595 Menalca!

403 1615 505 1682 Sis
550 1619 759 1684 bonus
806 1642 843 1684 o
890 1618 1168 1703 felixque
1214 1619 1371 1683 tuis!
1420 1641 1500 1684 en
1545 1623 1852 1703 quattuor
1897 1641 2068 1684 aras:
2350 1635 2421 1686 65

268 1702 273 1711 ’
314 1727 457 1771 ecce
506 1706 661 1772 duas
708 1707 859 1792 tibi,
901 1705 1189 1792 Daphni,
1233 1708 1391 1772 duas
1439 1707 1669 1772 altaria
1710 1705 1992 1771 Phoebo,

311 1794 545 1878 pocula
589 1794 744 1859 bina
788 1817 957 1861 novo
1004 1796 1372 1880 spumantia
1415 1796 1581 1861 lacte
1630 1795 1975 1897 quotannis

314 1887 718 1967 craterasque
764 1884 889 1949 duo
937 1888 1222 1948 statuam
1265 1884 1475 1970 tibip
1433 1885 1694 1986 pinguis
1742 1884 1923 1968 olivi,

312 1976 378 2035 et
422 1972 627 2037 multo
671 1972 775 2036 in
767 1973 1010 2056 primis
1056 1973 1340 2037 hilarans
1389 1974 1682 2038 convivia
1724 1972 2010 2057 Baccho,

312 2064 459 2158 ante
505 2059 749 2142 focum,
795 2059 851 2123 si
895 2060 1101 2145 frigus
1148 2060 1299 2144 erit,
1345 2060 1401 2124 si
1446 2061 1701 2144 messiS,
1743 2060 1815 2123 in
1858 2060 2085 2123 umbra
2347 2077 2414 2126 70

310 2145 459 2211 vina
501 2167 739 2211 novum
784 2147 1050 2211 fundam
1094 2147 1366 2212 calathis
1412 2146 1676 2211 Ariusia
1716 2152 1953 2212 nectar

394 2231 770 2298 Cantabunt
814 2235 973 2298 mihi
1018 2235 1369 2299 Damoetas
1416 2240 1483 2299 et
1526 2234 1792 2319 Lyctius
1829 2234 2087 2320 Aegon3

312 2322 621 2387 saltantes
670 2321 934 2406 Satyros
979 2322 1343 2387 imitabitur
1387 2322 1873 2408 Alphesiboeus.

308 2409 466 2475 haec
512 2409 633 2475 tibi
680 2432 932 2495 semper
977 2416 1191 2496 erunt,
1236 2416 1301 2476 et
1349 2433 1494 2476 cum
1539 2410 1875 2475 sollemnia
1918 2414 2072 2477 vota

306 2498 641 2563 reddemus
686 2497 1006 2583 Nymphis
1053 2504 1119 2563 et
1164 2522 1310 2564 cum
1353 2499 1773 2564 lustrabimus
1821 2520 2030 2586 agros·
2343 2517 2409 2566 75

394 2586 568 2650 Dum
611 2587 767 2672 iuga
811 2586 1051 2651 montis
1097 2609 1276 2673 aper,
1320 2588 1552 2652 fluvios
1600 2589 1752 2667 dum
1794 2587 1992 2672 piscis
2040 2588 2304 2673 amabit,

307 2673 582 2757 dumque
627 2673 851 2757 thymo
896 2680 1241 2758 pascentur
1286 2697 1467 2760 apes,
1512 2676 1665 2739 dum
1708 2696 1853 2741 rore
1899 2675 2180 2761 cicadae,

307 2784 556 2846 semper
599 2761 806 2826 honos
850 2782 1209 2846 nomenque
1254 2767 1442 2828 tuum
1485 2763 1832 2847 laudesque
1878 2764 2247 2829 manebunt.

305 2854 380 2913 ut
424 2850 678 2915 Baccho
726 2847 1092 2935 Cererique,
1136 2851 1258 2915 tibi
1305 2851 1398 2917 sic
1441 2855 1595 2916 vota
1640 2852 1983 2935 quotannis

306 2937 624 3023 agricolae
669 2937 933 3003 facient:
980 2939 1312 3003 damnabis
1360 2943 1433 3003 tu
1480 2960 1731 3023 quoque
1778 2939 1965 3005 votis,
2331 2956 2405 3006 80

391 3025 516 3090 Mo.
563 3023 737 3100 Quae
775 3027 925 3110 tibi,
963 3049 1125 3109 quae
1161 3026 1281 3091 tali
1317 3028 1578 3092 reddam
1612 3050 1730 3111 pro
1770 3029 2049 3094 carmine
2088 3028 2298 3093 dona?

300 3135 453 3178 nam
495 3135 701 3196 neque
747 3137 848 3178 me
892 3118 1148 3179 tantum
1192 3115 1508 3180 venientis
1556 3115 1783 3181 sibilus
1831 3115 2033 3182 austri

299 3224 416 3266 nec
459 3223 763 3286 percussa
806 3202 1031 3269 iuvant
1074 3204 1278 3268 fluctu
1322 3208 1459 3269 tam
1496 3203 1725 3290 litora,
1767 3227 1886 3269 nec
1932 3220 2092 3287 quae

302 3311 563 3355 saxosas
607 3290 779 3355 inter
824 3291 1170 3355 decurrunt
1215 3292 1484 3356 flumina
1528 3291 1742 3357 valles.
2333 3353 2336 3358 ⁴

298 3376 420 3441 Me.
465 3378 606 3443 Hac
652 3382 716 3443 te
760 3400 880 3443 nos
926 3379 1144 3465 fragili
1190 3379 1569 3444 donabimus
1617 3384 1764 3443 ante
1810 3378 2035 3443 cicuta.
2331 3396 2398 3446 85

296 3466 456 3531 haec
499 3487 618 3531 nos
667 3466 1056 3532 formosum
1103 3465 1403 3569 Corydon
1448 3467 1711 3531 ardebat
1754 3465 2071 3550 Aleximss

297 3554 455 3620 haec
501 3556 722 3620 eadem
767 3555 1050 3620 docuit
1065 3556 1280 3620 cuium
1323 3553 1564 3640 pecus?
1610 3575 1693 3617 an
1737 3518 2114 3620 MeliboeiP'
