2673 3925
853 259 1294 315 ECLOGARUM
1331 262 1729 317 SUMMARIA.
2145 261 2301 318 XVII

188 444 191 447 .
294 397 519 453 delevit.
561 431 627 441 -
665 405 768 455 509
804 400 1093 456 flevisse
1139 403 1228 473 et]
1266 403 1439 471 Mbc,
1484 403 1698 459 flesse
1737 404 1873 459 sibi
1908 407 1976 460 et
2010 405 2084 473 R,
2128 405 2296 460 Ribb.

294 517 361 527 -—-
390 490 493 539 542
514 487 822 561 demitte]
845 489 1120 546 dimitte
1138 491 1295 560 Myc.
1318 523 1386 532 —
1406 496 1508 547 547
1533 496 1663 547 ante
1684 499 1786 547 546
1816 489 2009 562 posuit
2025 494 2208 548 Bentl.
2229 524 2298 535 -

292 579 573 631 559—566
609 577 766 632 uncis
804 578 1240 649 circumscripsit
1275 581 1591 636 PaldamuS.
1631 572 1699 623 -”-

713 883 1298 957 ECLOGARUM
1354 885 1871 960 SUMMARIA.

1087 1045 1407 1106 ECLOGA
1450 1047 1497 1106 I.

430 1158 606 1214 Bruto
645 1159 947 1229 Cassioque
993 1178 1186 1230 pugna
1221 1161 1573 1232 Philippensi
1608 1162 1772 1216 victis
1804 1162 2142 1218 Octavianus
2181 1161 2304 1217 suis*

291 1246 609 1316 Antonique
657 1247 934 1303 militibus
980 1248 1202 1303 urbium
1235 1249 1563 1304 Italicarum
1598 1266 1763 1320 agros
1776 1293 1789 1319 ,
1837 1269 1977 1320 quos
2019 1250 2135 1305 illis
2171 1268 2295 1321 pro-

291 1333 535 1403 miserat,
574 1335 823 1390 dividere
861 1335 1060 1406 coepit.
1135 1337 1244 1392 Sed
1279 1336 1491 1392 milites
1530 1337 1680 1407 agris
1718 1337 1867 1392 datis
1902 1356 2015 1393 non
2050 1338 2297 1393 contenti

290 1421 618 1478 invaserunt
659 1423 721 1478 in
764 1424 1196 1479 Mantuanorum
1240 1442 1406 1495 agros
1419 1469 1433 1495 ,
1480 1428 1539 1480 et
1573 1425 1822 1495 Vergilio
1866 1426 2217 1496 praediolum
2262 1444 2297 1482 a

292 1510 524 1566 Claudio
563 1513 824 1582 quodam,
860 1513 1041 1568 milite
1076 1516 1359 1582 veterane,
1400 1517 1653 1585 ereptum
1689 1516 1791 1569 est.
1866 1515 1976 1570 Sed
2009 1517 2180 1584 poeta
2212 1515 2297 1569 in-

291 1599 706 1655 tercedentibus
755 1618 880 1655 cum
927 1600 1054 1655 aliis
1093 1601 1315 1671 amicis,
1364 1605 1486 1656 tum
1529 1601 1723 1656 Asinio
1769 1602 2023 1672 Polione,
2079 1603 2296 1659 Galliae

290 1687 732 1758 Transpadanae
758 1689 1059 1759 praefect0,
1100 1690 1172 1743 ab
1204 1689 1511 1744 Octaviano
1538 1689 1879 1759 impetravit,
1917 1693 1981 1745 ut
2004 1691 2293 1761 praedium

290 1780 662 1846 recuperaret.
739 1777 1020 1846 Vergilius
1059 1777 1161 1831 sub
1198 1777 1381 1845 Tityri
1414 1776 1592 1831 villici
1626 1794 1867 1847 persona
1901 1778 1986 1833 ita
2021 1778 2187 1847 latet,
2234 1782 2295 1834 ut

291 1863 583 1932 pleraque,
633 1881 777 1933 quae
826 1863 1076 1933 loquitur
1111 1864 1336 1933 Tityrus
1350 1908 1363 1934 ,
1409 1864 1521 1935 ipsi
1565 1865 1757 1934 Tityro
1771 1908 1784 1934 ,
1836 1867 2114 1934 quaedam
2146 1883 2293 1937 vero,

294 1950 545 2021 Vergilio
603 1950 952 2007 conveniant.
1043 1952 1278 2023 Scripsit
1325 1952 1473 2009 hanc
1522 1953 1797 2025 eclogam,
1848 1957 1913 2009 ut
1959 1953 2116 2025 pium
2162 1972 2291 2026 erga

295 2039 666 2095 Octavianum
700 2043 1033 2110 gratumque
1071 2041 1318 2096 animum
1355 2042 1681 2097 declararet.

1074 2199 1393 2269 ECLOGA
1437 2210 1517 2269 Π.

432 2324 599 2392 Apud
643 2322 897 2378 Asinium
948 2323 1237 2379 Polionem
1286 2324 1435 2379 vidit
1480 2327 1650 2395 poeta
1697 2341 1930 2394 puerum
1980 2327 2289 2395 quemdam,

292 2411 385 2467 cui
417 2429 620 2466 nomen
664 2415 786 2466 erat
819 2412 1158 2480 Alexander,
1211 2413 1416 2482 pocula
1450 2411 1876 2467 ministrantem.
1952 2412 2125 2478 Quem
2158 2430 2293 2483 pue-

293 2517 417 2553 rum
453 2516 535 2568 eo,
574 2516 684 2567 quo
724 2500 995 2569 Socrates,
1032 2501 1196 2554 Plato
1235 2500 1338 2553 alii
1373 2499 1643 2554 formosos
1679 2516 1879 2570 pueros
1914 2517 2066 2556 more
2099 2519 2291 2570 amare

292 2587 497 2657 coepit.
572 2588 627 2641 Is
664 2590 753 2643 est
785 2588 991 2657 Alexis,
1040 2588 1139 2657 qui
1173 2588 1280 2642 hoc
1317 2586 1562 2642 carmine
1596 2588 1875 2643 laudatur.
1947 2589 2195 2659 Vergilio
2230 2590 2293 2647 in

292 2676 398 2731 hoc
427 2675 671 2731 carmine
698 2693 901 2730 nomen
929 2675 1198 2744 Corydon,
1237 2675 1407 2730 Iollas
1435 2674 1628 2730 Asinio
1658 2678 1758 2732 est.
1813 2675 1986 2746 Polio,
2026 2694 2151 2732 cum
2186 2679 2292 2734 hoc

290 2762 536 2819 carmine
583 2766 732 2819 esset
767 2764 1094 2831 delectatus,
1132 2762 1383 2833 Vergilio
1418 2762 1797 2817 Alexandrum
1833 2763 1977 2819 dono
2015 2764 2188 2821 dedit.
2259 2819 2263 2824 ,

1059 2928 1377 2989 ECLOGA
1423 2929 1534 2988 ΠΙ.

431 3046 554 3100 Duo
600 3047 879 3115 pastores,
924 3044 1208 3099 Menalcas
1255 3046 1314 3099 et
1347 3043 1677 3112 Damoetas,
1722 3061 1875 3099 more
1908 3025 2191 3100 Arcadum
2236 3051 2293 3102 et

293 3132 604 3189 Siculorum
627 3136 925 3211 pastorum
961 3133 1031 3186 de
1066 3131 1417 3200 praestantia
1452 3131 1741 3186 facultatis
1784 3132 2040 3201 poeticae
2076 3137 2294 3190 certant

292 3221 629 3276 Palaemone
667 3220 971 3276 constituto
1011 3219 1239 3274 arbitro.
1292 3305 1295 3306 ⁷

1065 3385 1384 3447 ECLOGA
1427 3386 1530 3447 IV.

434 3502 572 3558 Cum
598 3501 725 3556 aliis
752 3501 944 3556 multis
971 3501 1136 3556 malis
1157 3501 1686 3570 calamitatibusque
1714 3500 1941 3555 adflicta
1967 3504 2090 3555 erat
2106 3502 2289 3571 Italia,

292 3592 414 3644 tum
445 3591 596 3645 bello
623 3590 772 3645 inter
796 3589 1102 3645 Antonium
1128 3592 1187 3645 et
1215 3589 1581 3645 Octavianum
1609 3593 1747 3645 orto.
1803 3590 1869 3642 In
1894 3591 1982 3643 tot
2005 3589 2292 3658 tantisque

398 3690 675 3731 Vnnomms.
1936 3676 1972 3728 b
