<?xml version="1.0" encoding="UTF-8"?>
<!DOCTYPE html PUBLIC "-//W3C//DTD XHTML 1.0 Transitional//EN"
    "http://www.w3.org/TR/xhtml1/DTD/xhtml1-transitional.dtd">
<html xmlns="http://www.w3.org/1999/xhtml" xml:lang="en" lang="en">
 <head>
  <title>
</title>
<meta http-equiv="Content-Type" content="text/html;charset=utf-8" />
  <meta name='ocr-system' content='tesseract 3.04.00' />
  <meta name='ocr-capabilities' content='ocr_page ocr_carea ocr_par ocr_line ocrx_word'/>
</head>
<body>
  <div class='ocr_page' id='page_1' title='image "./pvergilimaronis00gtgoog_0050.png"; bbox 0 0 2673 3925; ppageno 0'>
   <div class='ocr_carea' id='block_1_1' title="bbox 375 219 1746 285">
    <p class='ocr_par' dir='ltr' id='par_1_1' title="bbox 375 219 1746 285">
     <span class='ocr_line' id='line_1_1' title="bbox 375 219 1746 285; baseline -0.001 -9"><span class='ocrx_word' id='word_1_1' title='bbox 375 222 463 285; x_wconf 85' lang='lat'>24</span> <span class='ocrx_word' id='word_1_2' title='bbox 1005 222 1065 276; x_wconf 90' lang='grc' dir='ltr'>Ρ.</span> <span class='ocrx_word' id='word_1_3' title='bbox 1084 220 1383 277; x_wconf 83' lang='lat' dir='ltr'>VERGILI</span> <span class='ocrx_word' id='word_1_4' title='bbox 1419 219 1746 277; x_wconf 78' lang='lat' dir='ltr'>MARONIS</span> 
     </span>
    </p>
   </div>
   <div class='ocr_carea' id='block_1_2' title="bbox 374 365 2453 2124">
    <p class='ocr_par' dir='ltr' id='par_1_2' title="bbox 374 365 2453 1859">
     <span class='ocr_line' id='line_1_2' title="bbox 376 365 2351 451; baseline -0.001 -20"><span class='ocrx_word' id='word_1_5' title='bbox 376 365 461 431; x_wconf 92' lang='lat' dir='ltr'>M.</span> <span class='ocrx_word' id='word_1_6' title='bbox 506 366 802 451; x_wconf 79' lang='lat' dir='ltr'>„Daphni</span> <span class='ocrx_word' id='word_1_7' title='bbox 814 417 831 450; x_wconf 94' lang='lat'>,</span> <span class='ocrx_word' id='word_1_8' title='bbox 876 366 1029 450; x_wconf 87' lang='lat' dir='ltr'>quid</span> <span class='ocrx_word' id='word_1_9' title='bbox 1075 366 1377 450; x_wconf 76' lang='lat' dir='ltr'>antiquos</span> <span class='ocrx_word' id='word_1_10' title='bbox 1424 365 1758 450; x_wconf 85' lang='lat' dir='ltr'>signorum</span> <span class='ocrx_word' id='word_1_11' title='bbox 1804 366 2077 451; x_wconf 90' lang='lat' dir='ltr'>suspicis</span> <span class='ocrx_word' id='word_1_12' title='bbox 2125 367 2351 431; x_wconf 74' lang='lat' dir='ltr'>ortus?</span> 
     </span>
     <span class='ocr_line' id='line_1_3' title="bbox 377 451 1860 539; baseline -0.001 -20"><span class='ocrx_word' id='word_1_13' title='bbox 377 476 521 520; x_wconf 89' lang='lat' dir='ltr'>ecce</span> <span class='ocrx_word' id='word_1_14' title='bbox 566 453 839 519; x_wconf 82' lang='lat' dir='ltr'>Dionaei</span> <span class='ocrx_word' id='word_1_15' title='bbox 883 454 1200 539; x_wconf 70' lang='lat' dir='ltr'>processit</span> <span class='ocrx_word' id='word_1_16' title='bbox 1245 451 1539 519; x_wconf 81' lang='lat' dir='ltr'><strong>Caesaris</strong></span> <span class='ocrx_word' id='word_1_17' title='bbox 1586 458 1860 538; x_wconf 80' lang='lat' dir='ltr'>astrum,</span> 
     </span>
     <span class='ocr_line' id='line_1_4' title="bbox 376 540 2178 628; baseline -0.001 -21"><span class='ocrx_word' id='word_1_18' title='bbox 376 546 656 628; x_wconf 80' lang='lat' dir='ltr'>astrum,</span> <span class='ocrx_word' id='word_1_19' title='bbox 701 564 827 627; x_wconf 87' lang='lat' dir='ltr'>quo</span> <span class='ocrx_word' id='word_1_20' title='bbox 875 546 1126 628; x_wconf 71' lang='lat' dir='ltr'>segetes</span> <span class='ocrx_word' id='word_1_21' title='bbox 1174 542 1526 627; x_wconf 73' lang='lat' dir='ltr'>gauderent</span> <span class='ocrx_word' id='word_1_22' title='bbox 1569 540 1894 628; x_wconf 71' lang='lat' dir='ltr'>frugibus,</span> <span class='ocrx_word' id='word_1_23' title='bbox 1940 548 2006 607; x_wconf 73' lang='lat' dir='ltr'>et</span> <span class='ocrx_word' id='word_1_24' title='bbox 2052 564 2178 626; x_wconf 88' lang='lat' dir='ltr'>quo</span> 
     </span>
     <span class='ocr_line' id='line_1_5' title="bbox 377 628 1858 715; baseline -0.001 -20"><span class='ocrx_word' id='word_1_25' title='bbox 377 630 636 705; x_wconf 77' lang='lat' dir='ltr'>duceret</span> <span class='ocrx_word' id='word_1_26' title='bbox 681 629 914 715; x_wconf 81' lang='lat' dir='ltr'>apricis</span> <span class='ocrx_word' id='word_1_27' title='bbox 959 630 1030 693; x_wconf 91' lang='lat' dir='ltr'>in</span> <span class='ocrx_word' id='word_1_28' title='bbox 1074 629 1348 695; x_wconf 91' lang='lat' dir='ltr'>collibus</span> <span class='ocrx_word' id='word_1_29' title='bbox 1393 651 1519 694; x_wconf 86' lang='lat' dir='ltr'>uva</span> <span class='ocrx_word' id='word_1_30' title='bbox 1563 628 1858 695; x_wconf 91' lang='lat' dir='ltr'>colorem.</span> 
     </span>
     <span class='ocr_line' id='line_1_6' title="bbox 374 716 2453 804; baseline 0.001 -21"><span class='ocrx_word' id='word_1_31' title='bbox 374 718 611 804; x_wconf 88' lang='lat' dir='ltr'>insere,</span> <span class='ocrx_word' id='word_1_32' title='bbox 654 717 945 804; x_wconf 87' lang='lat' dir='ltr'>Daphni,</span> <span class='ocrx_word' id='word_1_33' title='bbox 987 718 1192 804; x_wconf 86' lang='lat' dir='ltr'>piros.</span> <span class='ocrx_word' id='word_1_34' title='bbox 1239 722 1505 803; x_wconf 70' lang='lat' dir='ltr'>carpent</span> <span class='ocrx_word' id='word_1_35' title='bbox 1548 721 1663 782; x_wconf 76' lang='lat' dir='ltr'>tua</span> <span class='ocrx_word' id='word_1_36' title='bbox 1705 739 1899 803; x_wconf 91' lang='lat' dir='ltr'>poma</span> <span class='ocrx_word' id='word_1_37' title='bbox 1941 716 2263 803; x_wconf 68' lang='lat' dir='ltr'>nepotesf‘</span> <span class='ocrx_word' id='word_1_38' title='bbox 2380 739 2453 787; x_wconf 93' lang='lat'>50</span> 
     </span>
     <span class='ocr_line' id='line_1_7' title="bbox 378 805 2376 892; baseline 0.001 -22"><span class='ocrx_word' id='word_1_39' title='bbox 378 806 594 871; x_wconf 89' lang='lat' dir='ltr'>omnia</span> <span class='ocrx_word' id='word_1_40' title='bbox 636 806 764 872; x_wconf 74' lang='lat' dir='ltr'>fert</span> <span class='ocrx_word' id='word_1_41' title='bbox 811 810 1016 891; x_wconf 76' lang='lat' dir='ltr'>aetas,</span> <span class='ocrx_word' id='word_1_42' title='bbox 1070 806 1357 871; x_wconf 86' lang='lat' dir='ltr'>animum</span> <span class='ocrx_word' id='word_1_43' title='bbox 1402 827 1683 890; x_wconf 83' lang='lat' dir='ltr'>quoque3</span> <span class='ocrx_word' id='word_1_44' title='bbox 1735 827 1923 891; x_wconf 80' lang='lat' dir='ltr'>saepe</span> <span class='ocrx_word' id='word_1_45' title='bbox 1978 827 2099 892; x_wconf 84' lang='lat' dir='ltr'>ego</span> <span class='ocrx_word' id='word_1_46' title='bbox 2144 805 2376 892; x_wconf 85' lang='lat' dir='ltr'>longos</span> 
     </span>
     <span class='ocr_line' id='line_1_8' title="bbox 377 857 2023 979; baseline 0 -20"><span class='ocrx_word' id='word_1_47' title='bbox 377 895 694 960; x_wconf 75' lang='lat' dir='ltr'>cantando</span> <span class='ocrx_word' id='word_1_48' title='bbox 740 916 1011 979; x_wconf 88' lang='lat' dir='ltr'>puerum</span> <span class='ocrx_word' id='word_1_49' title='bbox 1056 893 1320 959; x_wconf 88' lang='lat' dir='ltr'>memini</span> <span class='ocrx_word' id='word_1_50' title='bbox 1365 915 1467 959; x_wconf 90' lang='lat' dir='ltr'>me</span> <span class='ocrx_word' id='word_1_51' title='bbox 1514 857 1784 959; x_wconf 73' lang='lat' dir='ltr'>condere</span> <span class='ocrx_word' id='word_1_52' title='bbox 1830 893 2023 960; x_wconf 86' lang='lat' dir='ltr'>soles.</span> 
     </span>
     <span class='ocr_line' id='line_1_9' title="bbox 374 981 2296 1067; baseline 0.001 -21"><span class='ocrx_word' id='word_1_53' title='bbox 374 1004 547 1048; x_wconf 90' lang='lat' dir='ltr'>nunc</span> <span class='ocrx_word' id='word_1_54' title='bbox 594 981 799 1047; x_wconf 73' lang='lat' dir='ltr'>oblita</span> <span class='ocrx_word' id='word_1_55' title='bbox 841 981 1004 1047; x_wconf 88' lang='lat' dir='ltr'>mihi</span> <span class='ocrx_word' id='word_1_56' title='bbox 1049 986 1151 1047; x_wconf 71' lang='lat' dir='ltr'>tot</span> <span class='ocrx_word' id='word_1_57' title='bbox 1196 981 1508 1066; x_wconf 87' lang='lat' dir='ltr'>carmina,</span> <span class='ocrx_word' id='word_1_58' title='bbox 1552 1003 1678 1047; x_wconf 86' lang='lat' dir='ltr'>vox</span> <span class='ocrx_word' id='word_1_59' title='bbox 1723 1003 1977 1067; x_wconf 87' lang='lat' dir='ltr'>quoque</span> <span class='ocrx_word' id='word_1_60' title='bbox 2021 981 2296 1048; x_wconf 88' lang='lat' dir='ltr'>Moerim</span> 
     </span>
     <span class='ocr_line' id='line_1_10' title="bbox 375 1069 1998 1155; baseline 0.001 -21"><span class='ocrx_word' id='word_1_61' title='bbox 375 1070 507 1134; x_wconf 88' lang='lat' dir='ltr'>iam</span> <span class='ocrx_word' id='word_1_62' title='bbox 550 1069 722 1155; x_wconf 72' lang='lat' dir='ltr'>fugit</span> <span class='ocrx_word' id='word_1_63' title='bbox 765 1070 934 1154; x_wconf 91' lang='lat' dir='ltr'>ipsa.</span> <span class='ocrx_word' id='word_1_64' title='bbox 980 1069 1116 1154; x_wconf 87' lang='lat' dir='ltr'>lupi</span> <span class='ocrx_word' id='word_1_65' title='bbox 1161 1069 1435 1134; x_wconf 90' lang='lat' dir='ltr'>Moerim</span> <span class='ocrx_word' id='word_1_66' title='bbox 1477 1069 1690 1135; x_wconf 83' lang='lat' dir='ltr'>videre</span> <span class='ocrx_word' id='word_1_67' title='bbox 1734 1070 1998 1155; x_wconf 88' lang='lat' dir='ltr'>priores.</span> 
     </span>
     <span class='ocr_line' id='line_1_11' title="bbox 378 1157 2449 1243; baseline 0.001 -20"><span class='ocrx_word' id='word_1_68' title='bbox 378 1158 489 1223; x_wconf 92' lang='lat' dir='ltr'>sed</span> <span class='ocrx_word' id='word_1_69' title='bbox 533 1163 753 1223; x_wconf 75' lang='lat' dir='ltr'>tamen</span> <span class='ocrx_word' id='word_1_70' title='bbox 794 1158 923 1224; x_wconf 75' lang='lat' dir='ltr'>ista</span> <span class='ocrx_word' id='word_1_71' title='bbox 968 1157 1129 1223; x_wconf 71' lang='lat' dir='ltr'>satis</span> <span class='ocrx_word' id='word_1_72' title='bbox 1172 1157 1410 1223; x_wconf 73' lang='lat' dir='ltr'>referet</span> <span class='ocrx_word' id='word_1_73' title='bbox 1453 1157 1576 1223; x_wconf 77' lang='lat' dir='ltr'>tibi</span> <span class='ocrx_word' id='word_1_74' title='bbox 1623 1179 1812 1243; x_wconf 90' lang='lat' dir='ltr'>saepe</span> <span class='ocrx_word' id='word_1_75' title='bbox 1856 1157 2199 1223; x_wconf 83' lang='lat' dir='ltr'>Menalcas.</span> <span class='ocrx_word' id='word_1_76' title='bbox 2379 1178 2449 1227; x_wconf 91' lang='lat'>55</span> 
     </span>
     <span class='ocr_line' id='line_1_12' title="bbox 375 1243 2102 1332; baseline -0.001 -21"><span class='ocrx_word' id='word_1_77' title='bbox 375 1245 447 1311; x_wconf 92' lang='lat' dir='ltr'>L.</span> <span class='ocrx_word' id='word_1_78' title='bbox 495 1243 833 1311; x_wconf 81' lang='lat' dir='ltr'>Causando</span> <span class='ocrx_word' id='word_1_79' title='bbox 878 1251 1137 1311; x_wconf 73' lang='lat' dir='ltr'>nostros</span> <span class='ocrx_word' id='word_1_80' title='bbox 1182 1245 1253 1311; x_wconf 91' lang='lat' dir='ltr'>in</span> <span class='ocrx_word' id='word_1_81' title='bbox 1294 1245 1565 1332; x_wconf 81' lang='lat' dir='ltr'>longum</span> <span class='ocrx_word' id='word_1_82' title='bbox 1609 1246 1788 1312; x_wconf 90' lang='lat' dir='ltr'>ducis</span> <span class='ocrx_word' id='word_1_83' title='bbox 1835 1269 2102 1312; x_wconf 88' lang='lat' dir='ltr'>amores.</span> 
     </span>
     <span class='ocr_line' id='line_1_13' title="bbox 377 1334 2297 1420; baseline 0.001 -21"><span class='ocrx_word' id='word_1_84' title='bbox 377 1338 443 1399; x_wconf 74' lang='lat' dir='ltr'>et</span> <span class='ocrx_word' id='word_1_85' title='bbox 484 1355 657 1399; x_wconf 90' lang='lat' dir='ltr'>nunc</span> <span class='ocrx_word' id='word_1_86' title='bbox 704 1355 891 1399; x_wconf 92' lang='lat' dir='ltr'>omne</span> <span class='ocrx_word' id='word_1_87' title='bbox 935 1334 1059 1400; x_wconf 76' lang='lat' dir='ltr'>tibi</span> <span class='ocrx_word' id='word_1_88' title='bbox 1104 1338 1383 1399; x_wconf 73' lang='lat' dir='ltr'>stratum</span> <span class='ocrx_word' id='word_1_89' title='bbox 1426 1334 1576 1399; x_wconf 70' lang='lat' dir='ltr'>silet</span> <span class='ocrx_word' id='word_1_90' title='bbox 1622 1356 1892 1420; x_wconf 87' lang='lat' dir='ltr'>aequor,</span> <span class='ocrx_word' id='word_1_91' title='bbox 1937 1340 2003 1400; x_wconf 74' lang='lat' dir='ltr'>et</span> <span class='ocrx_word' id='word_1_92' title='bbox 2049 1356 2297 1420; x_wconf 86' lang='lat' dir='ltr'>omnes,</span> 
     </span>
     <span class='ocr_line' id='line_1_14' title="bbox 378 1421 2015 1506; baseline 0.001 -20"><span class='ocrx_word' id='word_1_93' title='bbox 378 1422 661 1506; x_wconf 86' lang='lat' dir='ltr'>adspice,</span> <span class='ocrx_word' id='word_1_94' title='bbox 705 1421 958 1487; x_wconf 75' lang='lat' dir='ltr'>ventosi</span> <span class='ocrx_word' id='word_1_95' title='bbox 1004 1421 1371 1488; x_wconf 75' lang='lat' dir='ltr'>ceciderunt</span> <span class='ocrx_word' id='word_1_96' title='bbox 1415 1422 1761 1487; x_wconf 80' lang='lat' dir='ltr'>murmuris</span> <span class='ocrx_word' id='word_1_97' title='bbox 1807 1444 2015 1488; x_wconf 88' lang='lat' dir='ltr'>aurae.</span> 
     </span>
     <span class='ocr_line' id='line_1_15' title="bbox 375 1509 2272 1596; baseline -0.001 -21"><span class='ocrx_word' id='word_1_98' title='bbox 375 1510 527 1575; x_wconf 84' lang='lat' dir='ltr'>hinc</span> <span class='ocrx_word' id='word_1_99' title='bbox 572 1510 729 1575; x_wconf 91' lang='lat' dir='ltr'>adeo</span> <span class='ocrx_word' id='word_1_100' title='bbox 776 1510 986 1575; x_wconf 89' lang='lat' dir='ltr'>media</span> <span class='ocrx_word' id='word_1_101' title='bbox 1030 1514 1130 1575; x_wconf 69' lang='lat' dir='ltr'>est</span> <span class='ocrx_word' id='word_1_102' title='bbox 1171 1510 1362 1575; x_wconf 90' lang='lat' dir='ltr'>nobis</span> <span class='ocrx_word' id='word_1_103' title='bbox 1408 1509 1539 1575; x_wconf 85' lang='lat' dir='ltr'>via:</span> <span class='ocrx_word' id='word_1_104' title='bbox 1582 1532 1859 1594; x_wconf 84' lang='lat' dir='ltr'>namque</span> <span class='ocrx_word' id='word_1_105' title='bbox 1907 1510 2272 1596; x_wconf 89' lang='lat' dir='ltr'>sepulcrum</span> 
     </span>
     <span class='ocr_line' id='line_1_16' title="bbox 374 1596 2450 1683; baseline 0.002 -20"><span class='ocrx_word' id='word_1_106' title='bbox 374 1597 605 1682; x_wconf 69' lang='lat' dir='ltr'>incipit</span> <span class='ocrx_word' id='word_1_107' title='bbox 650 1598 952 1683; x_wconf 89' lang='lat' dir='ltr'>adparere</span> <span class='ocrx_word' id='word_1_108' title='bbox 997 1596 1314 1663; x_wconf 89' lang='lat' dir='ltr'>Bianoris.</span> <span class='ocrx_word' id='word_1_109' title='bbox 1358 1597 1494 1682; x_wconf 89' lang='lat' dir='ltr'>hic,</span> <span class='ocrx_word' id='word_1_110' title='bbox 1535 1597 1651 1663; x_wconf 90' lang='lat' dir='ltr'>ubi</span> <span class='ocrx_word' id='word_1_111' title='bbox 1696 1599 1926 1664; x_wconf 91' lang='lat' dir='ltr'>densas</span> <span class='ocrx_word' id='word_1_112' title='bbox 2379 1619 2450 1667; x_wconf 78' lang='lat'>50</span> 
     </span>
     <span class='ocr_line' id='line_1_17' title="bbox 378 1686 2235 1841; baseline -0.001 -2.001"><span class='ocrx_word' id='word_1_113' title='bbox 378 1686 1072 1772; x_wconf 52' lang='lat' dir='ltr'>gum...</span> <span class='ocrx_word' id='word_1_114' title='bbox 1125 1774 1832 1841; x_wconf 61' lang='lat' dir='ltr'>..m</span> <span class='ocrx_word' id='word_1_115' title='bbox 1876 1708 2235 1839; x_wconf 55' lang='lat' dir='ltr'>..w</span> 
     </span>
    </p>

    <p class='ocr_par' dir='ltr' id='par_1_3' title="bbox 377 1825 2445 2124">
     <span class='ocr_line' id='line_1_18' title="bbox 628 1825 2118 1859; baseline 0 -10"><span class='ocrx_word' id='word_1_116' title='bbox 628 1846 631 1849; x_wconf 94' lang='lat'>.</span> <span class='ocrx_word' id='word_1_117' title='bbox 1064 1826 1083 1859; x_wconf 77' lang='lat'><em>7</em></span> <span class='ocrx_word' id='word_1_118' title='bbox 2104 1825 2118 1838; x_wconf 87' lang='lat'><strong>·</strong></span> 
     </span>
     <span class='ocr_line' id='line_1_19' title="bbox 377 1862 2146 1950; baseline -0.001 -23"><span class='ocrx_word' id='word_1_119' title='bbox 377 1868 491 1928; x_wconf 74' lang='lat' dir='ltr'>aut</span> <span class='ocrx_word' id='word_1_120' title='bbox 536 1864 621 1950; x_wconf 90' lang='lat' dir='ltr'>si,</span> <span class='ocrx_word' id='word_1_121' title='bbox 662 1885 793 1929; x_wconf 85' lang='lat' dir='ltr'>nox</span> <span class='ocrx_word' id='word_1_122' title='bbox 835 1862 1121 1947; x_wconf 85' lang='lat' dir='ltr'>pluviam</span> <span class='ocrx_word' id='word_1_123' title='bbox 1164 1884 1247 1928; x_wconf 91' lang='lat' dir='ltr'>ne</span> <span class='ocrx_word' id='word_1_124' title='bbox 1293 1862 1561 1949; x_wconf 70' lang='lat' dir='ltr'>colligat</span> <span class='ocrx_word' id='word_1_125' title='bbox 1606 1867 1754 1928; x_wconf 68' lang='lat' dir='ltr'>ante</span> <span class='ocrx_word' id='word_1_126' title='bbox 1764 1915 1781 1948; x_wconf 94' lang='lat'>,</span> <span class='ocrx_word' id='word_1_127' title='bbox 1826 1885 2146 1947; x_wconf 86' lang='lat' dir='ltr'>veremur,</span> 
     </span>
     <span class='ocr_line' id='line_1_20' title="bbox 378 1950 2276 2038; baseline -0.001 -20"><span class='ocrx_word' id='word_1_128' title='bbox 378 1955 711 2018; x_wconf 73' lang='lat' dir='ltr'>cantantes</span> <span class='ocrx_word' id='word_1_129' title='bbox 755 1951 908 2017; x_wconf 74' lang='lat' dir='ltr'>licet</span> <span class='ocrx_word' id='word_1_130' title='bbox 950 1973 1257 2034; x_wconf 90' lang='lat' dir='ltr'>usque—</span> <span class='ocrx_word' id='word_1_131' title='bbox 1172 1951 1490 2016; x_wconf 90' lang='lat' dir='ltr'>—minus</span> <span class='ocrx_word' id='word_1_132' title='bbox 1535 1950 1643 2016; x_wconf 88' lang='lat' dir='ltr'>via</span> <span class='ocrx_word' id='word_1_133' title='bbox 1684 1950 2000 2016; x_wconf 66' lang='lat' dir='ltr'>laedat—</span> <span class='ocrx_word' id='word_1_134' title='bbox 2029 1973 2276 2038; x_wconf 83' lang='lat' dir='ltr'>eamus3</span> 
     </span>
     <span class='ocr_line' id='line_1_21' title="bbox 377 2039 2445 2124; baseline 0.001 -19"><span class='ocrx_word' id='word_1_135' title='bbox 377 2044 709 2105; x_wconf 75' lang='lat' dir='ltr'>cantantes</span> <span class='ocrx_word' id='word_1_136' title='bbox 753 2043 829 2103; x_wconf 70' lang='lat' dir='ltr'>ut</span> <span class='ocrx_word' id='word_1_137' title='bbox 874 2061 1120 2123; x_wconf 75' lang='lat' dir='ltr'>eamuS,</span> <span class='ocrx_word' id='word_1_138' title='bbox 1165 2060 1286 2124; x_wconf 87' lang='lat' dir='ltr'>ego</span> <span class='ocrx_word' id='word_1_139' title='bbox 1330 2040 1457 2105; x_wconf 93' lang='lat' dir='ltr'>hoc</span> <span class='ocrx_word' id='word_1_140' title='bbox 1501 2044 1567 2103; x_wconf 75' lang='lat' dir='ltr'>te</span> <span class='ocrx_word' id='word_1_141' title='bbox 1612 2039 1785 2105; x_wconf 78' lang='lat' dir='ltr'>fasce</span> <span class='ocrx_word' id='word_1_142' title='bbox 1829 2039 2075 2105; x_wconf 86' lang='lat' dir='ltr'>levab0.</span> <span class='ocrx_word' id='word_1_143' title='bbox 2378 2059 2445 2108; x_wconf 82' lang='grc'>65</span> 
     </span>
    </p>
   </div>
   <div class='ocr_carea' id='block_1_3' title="bbox 235 2126 2377 2216">
    <p class='ocr_par' dir='ltr' id='par_1_4' title="bbox 235 2126 2377 2216">
     <span class='ocr_line' id='line_1_22' title="bbox 235 2126 2377 2216; baseline 0 -24"><span class='ocrx_word' id='word_1_144' title='bbox 235 2206 243 2216; x_wconf 21' lang='grc' dir='ltr'>ἢ</span> <span class='ocrx_word' id='word_1_145' title='bbox 375 2126 461 2192; x_wconf 92' lang='grc' dir='ltr'>Μ.</span> <span class='ocrx_word' id='word_1_146' title='bbox 498 2126 736 2192; x_wconf 88' lang='lat' dir='ltr'>Desine</span> <span class='ocrx_word' id='word_1_147' title='bbox 770 2126 984 2212; x_wconf 90' lang='lat' dir='ltr'>plura,</span> <span class='ocrx_word' id='word_1_148' title='bbox 1027 2148 1211 2211; x_wconf 86' lang='lat' dir='ltr'>puer,</span> <span class='ocrx_word' id='word_1_149' title='bbox 1256 2131 1349 2212; x_wconf 73' lang='lat' dir='ltr'>et,</span> <span class='ocrx_word' id='word_1_150' title='bbox 1395 2127 1565 2210; x_wconf 91' lang='lat' dir='ltr'>quod</span> <span class='ocrx_word' id='word_1_151' title='bbox 1600 2148 1769 2192; x_wconf 91' lang='lat' dir='ltr'>nunc</span> <span class='ocrx_word' id='word_1_152' title='bbox 1804 2126 2036 2211; x_wconf 65' lang='lat' dir='ltr'>instafi,</span> <span class='ocrx_word' id='word_1_153' title='bbox 2079 2148 2377 2214; x_wconf 84' lang='lat' dir='ltr'>agamus·</span> 
     </span>
    </p>
   </div>
   <div class='ocr_carea' id='block_1_4' title="bbox 377 2213 2199 2301">
    <p class='ocr_par' dir='ltr' id='par_1_5' title="bbox 377 2213 2199 2301">
     <span class='ocr_line' id='line_1_23' title="bbox 377 2213 2199 2301; baseline -0.001 -20"><span class='ocrx_word' id='word_1_154' title='bbox 377 2214 660 2290; x_wconf 71' lang='lat' dir='ltr'>carmina</span> <span class='ocrx_word' id='word_1_155' title='bbox 702 2218 843 2279; x_wconf 74' lang='lat' dir='ltr'>tum</span> <span class='ocrx_word' id='word_1_156' title='bbox 888 2213 1143 2299; x_wconf 83' lang='lat' dir='ltr'>melius,</span> <span class='ocrx_word' id='word_1_157' title='bbox 1187 2236 1334 2280; x_wconf 90' lang='lat' dir='ltr'>cum</span> <span class='ocrx_word' id='word_1_158' title='bbox 1380 2213 1627 2280; x_wconf 75' lang='lat' dir='ltr'>venerit</span> <span class='ocrx_word' id='word_1_159' title='bbox 1671 2214 1837 2301; x_wconf 89' lang='lat' dir='ltr'>ipse,</span> <span class='ocrx_word' id='word_1_160' title='bbox 1882 2237 2199 2281; x_wconf 88' lang='lat' dir='ltr'>canemus.</span> 
     </span>
    </p>
   </div>
   <div class='ocr_carea' id='block_1_5' title="bbox 1163 2392 1586 2400">
    <p class='ocr_par' dir='ltr' id='par_1_6' title="bbox 1163 2392 1586 2400">
     <span class='ocr_line' id='line_1_24' title="bbox 1163 2392 1586 2400; baseline 0 0"><span class='ocrx_word' id='word_1_161' title='bbox 1163 2392 1586 2400; x_wconf 95' lang='lat' dir='ltr'> </span> 
     </span>
    </p>
   </div>
   <div class='ocr_carea' id='block_1_6' title="bbox 1140 2511 1653 2598">
    <p class='ocr_par' dir='ltr' id='par_1_7' title="bbox 1140 2511 1653 2598">
     <span class='ocr_line' id='line_1_25' title="bbox 1140 2511 1653 2598; baseline 0 -20"><span class='ocrx_word' id='word_1_162' title='bbox 1140 2511 1490 2578; x_wconf 77' lang='lat' dir='ltr'><strong>ECLOGA</strong></span> <span class='ocrx_word' id='word_1_163' title='bbox 1543 2513 1653 2598; x_wconf 43' lang='lat'>24(</span> 
     </span>
    </p>
   </div>
   <div class='ocr_carea' id='block_1_7' title="bbox 372 2641 2447 3533">
    <p class='ocr_par' dir='ltr' id='par_1_8' title="bbox 373 2641 2370 3005">
     <span class='ocr_line' id='line_1_26' title="bbox 460 2641 2370 2739; baseline 0.003 -22"><span class='ocrx_word' id='word_1_164' title='bbox 460 2653 841 2719; x_wconf 73' lang='lat' dir='ltr'>Extremum</span> <span class='ocrx_word' id='word_1_165' title='bbox 884 2653 1087 2739; x_wconf 91' lang='lat' dir='ltr'>hunc,</span> <span class='ocrx_word' id='word_1_166' title='bbox 1130 2653 1485 2739; x_wconf 74' lang='lat' dir='ltr'>Arethusa,</span> <span class='ocrx_word' id='word_1_167' title='bbox 1530 2654 1688 2719; x_wconf 87' lang='lat' dir='ltr'>mihi</span> <span class='ocrx_word' id='word_1_168' title='bbox 1735 2656 2009 2721; x_wconf 88' lang='lat' dir='ltr'>concede</span> <span class='ocrx_word' id='word_1_169' title='bbox 2052 2641 2370 2722; x_wconf 76' lang='lat' dir='ltr'>laborem:</span> 
     </span>
     <span class='ocr_line' id='line_1_27' title="bbox 373 2740 2143 2828; baseline 0.002 -22"><span class='ocrx_word' id='word_1_170' title='bbox 373 2762 580 2828; x_wconf 89' lang='lat' dir='ltr'>pauca</span> <span class='ocrx_word' id='word_1_171' title='bbox 624 2764 766 2807; x_wconf 91' lang='lat' dir='ltr'>meo</span> <span class='ocrx_word' id='word_1_172' title='bbox 815 2740 1033 2827; x_wconf 84' lang='lat' dir='ltr'>Gallo,</span> <span class='ocrx_word' id='word_1_173' title='bbox 1078 2744 1189 2808; x_wconf 88' lang='lat' dir='ltr'>sed</span> <span class='ocrx_word' id='word_1_174' title='bbox 1233 2764 1396 2826; x_wconf 89' lang='lat' dir='ltr'>quae</span> <span class='ocrx_word' id='word_1_175' title='bbox 1440 2743 1617 2828; x_wconf 71' lang='lat' dir='ltr'>legat</span> <span class='ocrx_word' id='word_1_176' title='bbox 1660 2742 1805 2827; x_wconf 90' lang='lat' dir='ltr'>ipsa</span> <span class='ocrx_word' id='word_1_177' title='bbox 1848 2743 2115 2827; x_wconf 86' lang='lat' dir='ltr'>Lycoris</span> <span class='ocrx_word' id='word_1_178' title='bbox 2127 2795 2143 2827; x_wconf 97' lang='lat'>,</span> 
     </span>
     <span class='ocr_line' id='line_1_28' title="bbox 376 2829 2231 2916; baseline 0.001 -21"><span class='ocrx_word' id='word_1_179' title='bbox 376 2829 662 2895; x_wconf 89' lang='lat' dir='ltr'>carmina</span> <span class='ocrx_word' id='word_1_180' title='bbox 706 2835 855 2916; x_wconf 59' lang='lat' dir='ltr'>sunt</span> <span class='ocrx_word' id='word_1_181' title='bbox 902 2830 1188 2895; x_wconf 88' lang='lat' dir='ltr'>dicenda:</span> <span class='ocrx_word' id='word_1_182' title='bbox 1234 2834 1430 2915; x_wconf 76' lang='lat' dir='ltr'>neget</span> <span class='ocrx_word' id='word_1_183' title='bbox 1477 2831 1620 2915; x_wconf 87' lang='lat' dir='ltr'>quis</span> <span class='ocrx_word' id='word_1_184' title='bbox 1668 2832 1952 2896; x_wconf 87' lang='lat' dir='ltr'>carmina</span> <span class='ocrx_word' id='word_1_185' title='bbox 1999 2831 2231 2897; x_wconf 78' lang='lat' dir='ltr'>Gallo?</span> 
     </span>
     <span class='ocr_line' id='line_1_29' title="bbox 376 2916 1957 3005; baseline 0.002 -23"><span class='ocrx_word' id='word_1_186' title='bbox 376 2918 469 2983; x_wconf 92' lang='lat' dir='ltr'>sic</span> <span class='ocrx_word' id='word_1_187' title='bbox 513 2916 665 3004; x_wconf 75' lang='lat' dir='ltr'>tibi,</span> <span class='ocrx_word' id='word_1_188' title='bbox 710 2940 855 2983; x_wconf 90' lang='lat' dir='ltr'>cum</span> <span class='ocrx_word' id='word_1_189' title='bbox 899 2918 1131 2984; x_wconf 72' lang='lat' dir='ltr'>fluctus</span> <span class='ocrx_word' id='word_1_190' title='bbox 1178 2917 1616 2984; x_wconf 73' lang='lat' dir='ltr'>subterlabere</span> <span class='ocrx_word' id='word_1_191' title='bbox 1663 2916 1957 3005; x_wconf 88' lang='lat' dir='ltr'>Sicanos,</span> 
     </span>
    </p>

    <p class='ocr_par' dir='ltr' id='par_1_9' title="bbox 372 3005 2447 3356">
     <span class='ocr_line' id='line_1_30' title="bbox 375 3005 2447 3107; baseline 0.002 -36"><span class='ocrx_word' id='word_1_192' title='bbox 375 3005 571 3107; x_wconf 74' lang='lat' dir='ltr'>Doris</span> <span class='ocrx_word' id='word_1_193' title='bbox 617 3028 834 3105; x_wconf 73' lang='lat' dir='ltr'>amara</span> <span class='ocrx_word' id='word_1_194' title='bbox 849 3093 863 3106; x_wconf 91' lang='lat'>.</span> <span class='ocrx_word' id='word_1_195' title='bbox 878 3028 1062 3071; x_wconf 88' lang='lat' dir='ltr'>suam</span> <span class='ocrx_word' id='word_1_196' title='bbox 1105 3027 1238 3071; x_wconf 91' lang='lat' dir='ltr'>non</span> <span class='ocrx_word' id='word_1_197' title='bbox 1279 3006 1721 3072; x_wconf 68' lang='lat' dir='ltr'>intermisceat</span> <span class='ocrx_word' id='word_1_198' title='bbox 1764 3008 2020 3074; x_wconf 89' lang='lat' dir='ltr'>undam.</span> <span class='ocrx_word' id='word_1_199' title='bbox 2412 3027 2447 3075; x_wconf 92' lang='lat'><strong>5</strong></span> 
     </span>
     <span class='ocr_line' id='line_1_31' title="bbox 374 3092 2093 3268; baseline 0.001 -22"><span class='ocrx_word' id='word_1_200' title='bbox 374 3092 1193 3248; x_wconf 45' lang='grc' dir='ltr'>ῗίῃηῗθῡέἔὲἓῖἷῖἒηῗέἓ</span> <span class='ocrx_word' id='word_1_201' title='bbox 1221 3095 2093 3268; x_wconf 44' lang='lat' dir='ltr'>sfflrgglemzsirgtlilgezapeflae.</span> 
     </span>
     <span class='ocr_line' id='line_1_32' title="bbox 372 3269 2070 3356; baseline 0 -21"><span class='ocrx_word' id='word_1_202' title='bbox 372 3291 507 3335; x_wconf 91' lang='lat' dir='ltr'>non</span> <span class='ocrx_word' id='word_1_203' title='bbox 551 3269 838 3335; x_wconf 88' lang='lat' dir='ltr'>canimus</span> <span class='ocrx_word' id='word_1_204' title='bbox 882 3269 1120 3354; x_wconf 90' lang='lat' dir='ltr'>surdis,</span> <span class='ocrx_word' id='word_1_205' title='bbox 1161 3271 1551 3356; x_wconf 70' lang='lat' dir='ltr'>respondent</span> <span class='ocrx_word' id='word_1_206' title='bbox 1597 3272 1811 3335; x_wconf 88' lang='lat' dir='ltr'>omnia</span> <span class='ocrx_word' id='word_1_207' title='bbox 1857 3271 2070 3336; x_wconf 87' lang='lat' dir='ltr'>silvae.</span> 
     </span>
    </p>

    <p class='ocr_par' dir='ltr' id='par_1_10' title="bbox 463 3356 2317 3443">
     <span class='ocr_line' id='line_1_33' title="bbox 463 3356 2317 3443; baseline 0.001 -22"><span class='ocrx_word' id='word_1_208' title='bbox 463 3356 639 3433; x_wconf 84' lang='lat' dir='ltr'>Quae</span> <span class='ocrx_word' id='word_1_209' title='bbox 682 3379 947 3423; x_wconf 88' lang='lat' dir='ltr'>nemora</span> <span class='ocrx_word' id='word_1_210' title='bbox 992 3362 1105 3422; x_wconf 68' lang='lat' dir='ltr'>aut</span> <span class='ocrx_word' id='word_1_211' title='bbox 1150 3358 1260 3442; x_wconf 91' lang='lat' dir='ltr'>qui</span> <span class='ocrx_word' id='word_1_212' title='bbox 1305 3381 1421 3424; x_wconf 82' lang='lat' dir='ltr'>vos</span> <span class='ocrx_word' id='word_1_213' title='bbox 1469 3359 1671 3424; x_wconf 78' lang='lat' dir='ltr'>saltus</span> <span class='ocrx_word' id='word_1_214' title='bbox 1715 3358 2022 3443; x_wconf 88' lang='lat' dir='ltr'>habuere,</span> <span class='ocrx_word' id='word_1_215' title='bbox 2066 3358 2317 3443; x_wconf 91' lang='lat' dir='ltr'>puellae</span> 
     </span>
    </p>

    <p class='ocr_par' dir='ltr' id='par_1_11' title="bbox 373 3410 2444 3533">
     <span class='ocr_line' id='line_1_34' title="bbox 373 3410 2444 3533; baseline 0 -23"><span class='ocrx_word' id='word_1_216' title='bbox 373 3444 641 3531; x_wconf 77' lang='lat' dir='ltr'>NaideS,</span> <span class='ocrx_word' id='word_1_217' title='bbox 683 3446 950 3533; x_wconf 82' lang='lat' dir='ltr'>indigno</span> <span class='ocrx_word' id='word_1_218' title='bbox 997 3468 1144 3511; x_wconf 89' lang='lat' dir='ltr'>cum</span> <span class='ocrx_word' id='word_1_219' title='bbox 1190 3444 1415 3512; x_wconf 84' lang='lat' dir='ltr'>Gallus</span> <span class='ocrx_word' id='word_1_220' title='bbox 1462 3466 1677 3510; x_wconf 88' lang='lat' dir='ltr'>amore</span> <span class='ocrx_word' id='word_1_221' title='bbox 1722 3410 2022 3529; x_wconf 71' lang='lat' dir='ltr'>peribaiz‘?²</span> <span class='ocrx_word' id='word_1_222' title='bbox 2376 3463 2444 3510; x_wconf 85' lang='lat'>10</span> 
     </span>
    </p>
   </div>
   <div class='ocr_carea' id='block_1_8' title="bbox 162 3533 2214 3620">
    <p class='ocr_par' dir='ltr' id='par_1_12' title="bbox 162 3533 2214 3620">
     <span class='ocr_line' id='line_1_35' title="bbox 162 3533 2214 3620; baseline 0 -19"><span class='ocrx_word' id='word_1_223' title='bbox 162 3541 163 3544; x_wconf 73' lang='grc'>’</span> <span class='ocrx_word' id='word_1_224' title='bbox 298 3575 301 3576; x_wconf 32' lang='lat'><em>⁷</em></span> <span class='ocrx_word' id='word_1_225' title='bbox 371 3555 524 3601; x_wconf 83' lang='lat' dir='ltr'>nam</span> <span class='ocrx_word' id='word_1_226' title='bbox 566 3556 772 3620; x_wconf 90' lang='lat' dir='ltr'>neque</span> <span class='ocrx_word' id='word_1_227' title='bbox 817 3533 1084 3599; x_wconf 84' lang='lat' dir='ltr'>Parnasi</span> <span class='ocrx_word' id='word_1_228' title='bbox 1130 3533 1314 3599; x_wconf 86' lang='lat' dir='ltr'>vobis</span> <span class='ocrx_word' id='word_1_229' title='bbox 1359 3535 1539 3619; x_wconf 88' lang='lat' dir='ltr'>iuga,</span> <span class='ocrx_word' id='word_1_230' title='bbox 1580 3554 1735 3597; x_wconf 88' lang='lat' dir='ltr'>nam</span> <span class='ocrx_word' id='word_1_231' title='bbox 1775 3554 1982 3618; x_wconf 89' lang='lat' dir='ltr'>neque</span> <span class='ocrx_word' id='word_1_232' title='bbox 2026 3533 2214 3601; x_wconf 89' lang='lat' dir='ltr'>Pindi</span> 
     </span>
    </p>
   </div>
  </div>
 </body>
</html>
