<?xml version="1.0" encoding="UTF-8"?>
<!DOCTYPE html PUBLIC "-//W3C//DTD XHTML 1.0 Transitional//EN"
    "http://www.w3.org/TR/xhtml1/DTD/xhtml1-transitional.dtd">
<html xmlns="http://www.w3.org/1999/xhtml" xml:lang="en" lang="en">
 <head>
  <title>
</title>
<meta http-equiv="Content-Type" content="text/html;charset=utf-8" />
  <meta name='ocr-system' content='tesseract 3.04.00' />
  <meta name='ocr-capabilities' content='ocr_page ocr_carea ocr_par ocr_line ocrx_word'/>
</head>
<body>
  <div class='ocr_page' id='page_1' title='image "./pvergilimaronis00gtgoog_0065.png"; bbox 0 0 2673 3925; ppageno 0'>
   <div class='ocr_carea' id='block_1_1' title="bbox 981 242 2312 332">
    <p class='ocr_par' dir='ltr' id='par_1_1' title="bbox 981 242 2312 332">
     <span class='ocr_line' id='line_1_1' title="bbox 981 242 2312 332; baseline 0.01 -12"><span class='ocrx_word' id='word_1_1' title='bbox 981 265 1399 321; x_wconf 73' lang='lat' dir='ltr'>GnoaexcoN</span> <span class='ocrx_word' id='word_1_2' title='bbox 1436 266 1570 321; x_wconf 78' lang='lat' dir='ltr'>Lm.</span> <span class='ocrx_word' id='word_1_3' title='bbox 1608 266 1650 320; x_wconf 88' lang='lat'>1.</span> <span class='ocrx_word' id='word_1_4' title='bbox 2203 242 2312 332; x_wconf 58' lang='grc'>’39</span> 
     </span>
    </p>
   </div>
   <div class='ocr_carea' id='block_1_2' title="bbox 231 410 2423 2959">
    <p class='ocr_par' dir='ltr' id='par_1_2' title="bbox 310 410 2082 583">
     <span class='ocr_line' id='line_1_2' title="bbox 310 410 2027 496; baseline -0.001 -20"><span class='ocrx_word' id='word_1_5' title='bbox 310 433 457 476; x_wconf 85' lang='grc'>011111</span> <span class='ocrx_word' id='word_1_6' title='bbox 502 410 712 475; x_wconf 83' lang='grc' dir='ltr'>111οᾶ10</span> <span class='ocrx_word' id='word_1_7' title='bbox 759 410 994 475; x_wconf 80' lang='lat' dir='ltr'>celeres</span> <span class='ocrx_word' id='word_1_8' title='bbox 1041 410 1332 475; x_wconf 72' lang='lat' dir='ltr'>revolant</span> <span class='ocrx_word' id='word_1_9' title='bbox 1379 433 1456 490; x_wconf 82' lang='lat' dir='ltr'>ex</span> <span class='ocrx_word' id='word_1_10' title='bbox 1503 433 1774 494; x_wconf 81' lang='lat' dir='ltr'>aequore</span> <span class='ocrx_word' id='word_1_11' title='bbox 1821 411 2027 496; x_wconf 86' lang='lat' dir='ltr'>mergi</span> 
     </span>
     <span class='ocr_line' id='line_1_3' title="bbox 311 499 2082 583; baseline -0.001 -20"><span class='ocrx_word' id='word_1_12' title='bbox 311 500 781 582; x_wconf 83' lang='lat' dir='ltr'>clamoremque</span> <span class='ocrx_word' id='word_1_13' title='bbox 827 499 1044 563; x_wconf 92' lang='lat' dir='ltr'>ferunt</span> <span class='ocrx_word' id='word_1_14' title='bbox 1090 500 1170 563; x_wconf 93' lang='lat' dir='ltr'>ad</span> <span class='ocrx_word' id='word_1_15' title='bbox 1213 499 1435 583; x_wconf 83' lang='lat' dir='ltr'>litora,</span> <span class='ocrx_word' id='word_1_16' title='bbox 1481 520 1752 582; x_wconf 90' lang='lat' dir='ltr'>cumque</span> <span class='ocrx_word' id='word_1_17' title='bbox 1797 500 2082 563; x_wconf 90' lang='lat' dir='ltr'>marinae</span> 
     </span>
    </p>

    <p class='ocr_par' dir='ltr' id='par_1_3' title="bbox 309 586 1817 672">
     <span class='ocr_line' id='line_1_4' title="bbox 309 586 1817 672; baseline 0.001 -22"><span class='ocrx_word' id='word_1_18' title='bbox 309 587 380 650; x_wconf 97' lang='lat' dir='ltr'>in</span> <span class='ocrx_word' id='word_1_19' title='bbox 426 586 595 651; x_wconf 85' lang='lat' dir='ltr'>sicco</span> <span class='ocrx_word' id='word_1_20' title='bbox 640 587 871 651; x_wconf 86' lang='lat' dir='ltr'>ludunt</span> <span class='ocrx_word' id='word_1_21' title='bbox 915 587 1147 651; x_wconf 89' lang='lat' dir='ltr'>fulicae</span> <span class='ocrx_word' id='word_1_22' title='bbox 1191 591 1507 670; x_wconf 86' lang='lat' dir='ltr'>notasque</span> <span class='ocrx_word' id='word_1_23' title='bbox 1552 587 1817 672; x_wconf 88' lang='lat' dir='ltr'>paludes</span> 
     </span>
    </p>

    <p class='ocr_par' dir='ltr' id='par_1_4' title="bbox 312 675 2030 759">
     <span class='ocr_line' id='line_1_5' title="bbox 312 675 2030 759; baseline 0 -20"><span class='ocrx_word' id='word_1_24' title='bbox 312 675 549 739; x_wconf 86' lang='lat' dir='ltr'>deserit</span> <span class='ocrx_word' id='word_1_25' title='bbox 594 680 785 759; x_wconf 90' lang='lat' dir='ltr'>atque</span> <span class='ocrx_word' id='word_1_26' title='bbox 834 675 1033 739; x_wconf 86' lang='lat' dir='ltr'>altam</span> <span class='ocrx_word' id='word_1_27' title='bbox 1080 697 1276 759; x_wconf 87' lang='lat' dir='ltr'>supra</span> <span class='ocrx_word' id='word_1_28' title='bbox 1319 675 1497 740; x_wconf 90' lang='lat' dir='ltr'>volat</span> <span class='ocrx_word' id='word_1_29' title='bbox 1544 676 1734 739; x_wconf 90' lang='lat' dir='ltr'>ardea</span> <span class='ocrx_word' id='word_1_30' title='bbox 1776 676 2030 739; x_wconf 90' lang='lat' dir='ltr'>nubem.</span> 
     </span>
    </p>

    <p class='ocr_par' dir='ltr' id='par_1_5' title="bbox 310 763 2423 1025">
     <span class='ocr_line' id='line_1_6' title="bbox 312 763 2423 848; baseline -0 -21"><span class='ocrx_word' id='word_1_31' title='bbox 312 785 501 848; x_wconf 87' lang='lat' dir='ltr'>saepe</span> <span class='ocrx_word' id='word_1_32' title='bbox 548 763 743 828; x_wconf 89' lang='lat' dir='ltr'>etiam</span> <span class='ocrx_word' id='word_1_33' title='bbox 791 764 1011 827; x_wconf 89' lang='lat' dir='ltr'>stellas</span> <span class='ocrx_word' id='word_1_34' title='bbox 1057 768 1251 827; x_wconf 92' lang='lat' dir='ltr'>vento</span> <span class='ocrx_word' id='word_1_35' title='bbox 1297 763 1704 847; x_wconf 72' lang='lat' dir='ltr'>impendente</span> <span class='ocrx_word' id='word_1_36' title='bbox 1750 763 1996 828; x_wconf 88' lang='lat' dir='ltr'>videbis</span> <span class='ocrx_word' id='word_1_37' title='bbox 2319 779 2423 828; x_wconf 83' lang='lat'>365</span> 
     </span>
     <span class='ocr_line' id='line_1_7' title="bbox 310 851 1979 936; baseline 0.001 -22"><span class='ocrx_word' id='word_1_38' title='bbox 310 851 695 936; x_wconf 90' lang='lat' dir='ltr'>praecipites</span> <span class='ocrx_word' id='word_1_39' title='bbox 743 852 919 916; x_wconf 89' lang='lat' dir='ltr'>caelo</span> <span class='ocrx_word' id='word_1_40' title='bbox 964 851 1098 916; x_wconf 89' lang='lat' dir='ltr'>labi</span> <span class='ocrx_word' id='word_1_41' title='bbox 1143 852 1480 935; x_wconf 90' lang='lat' dir='ltr'>noctisque</span> <span class='ocrx_word' id='word_1_42' title='bbox 1525 873 1641 936; x_wconf 94' lang='lat' dir='ltr'>per</span> <span class='ocrx_word' id='word_1_43' title='bbox 1686 852 1979 915; x_wconf 92' lang='lat' dir='ltr'>umbram</span> 
     </span>
     <span class='ocr_line' id='line_1_8' title="bbox 314 940 1998 1025; baseline -0.001 -22"><span class='ocrx_word' id='word_1_44' title='bbox 314 940 714 1008; x_wconf 88' lang='lat' dir='ltr'>flammarum</span> <span class='ocrx_word' id='word_1_45' title='bbox 761 940 991 1024; x_wconf 87' lang='lat' dir='ltr'>longos</span> <span class='ocrx_word' id='word_1_46' title='bbox 1039 962 1077 1003; x_wconf 93' lang='lat' dir='ltr'>a</span> <span class='ocrx_word' id='word_1_47' title='bbox 1122 943 1307 1025; x_wconf 87' lang='lat' dir='ltr'>tergo</span> <span class='ocrx_word' id='word_1_48' title='bbox 1357 940 1676 1004; x_wconf 85' lang='lat' dir='ltr'>albescere</span> <span class='ocrx_word' id='word_1_49' title='bbox 1722 943 1998 1023; x_wconf 82' lang='lat' dir='ltr'>tractus3</span> 
     </span>
    </p>

    <p class='ocr_par' dir='ltr' id='par_1_6' title="bbox 311 1027 2123 1113">
     <span class='ocr_line' id='line_1_9' title="bbox 311 1027 2123 1113; baseline 0 -22"><span class='ocrx_word' id='word_1_50' title='bbox 311 1050 501 1113; x_wconf 90' lang='lat' dir='ltr'>saepe</span> <span class='ocrx_word' id='word_1_51' title='bbox 545 1027 753 1092; x_wconf 91' lang='lat' dir='ltr'>levem</span> <span class='ocrx_word' id='word_1_52' title='bbox 797 1027 1047 1112; x_wconf 90' lang='lat' dir='ltr'>paleam</span> <span class='ocrx_word' id='word_1_53' title='bbox 1094 1031 1161 1091; x_wconf 90' lang='lat' dir='ltr'>et</span> <span class='ocrx_word' id='word_1_54' title='bbox 1203 1028 1460 1092; x_wconf 89' lang='lat' dir='ltr'>frondes</span> <span class='ocrx_word' id='word_1_55' title='bbox 1507 1027 1777 1092; x_wconf 82' lang='lat' dir='ltr'>volitare</span> <span class='ocrx_word' id='word_1_56' title='bbox 1825 1028 2094 1091; x_wconf 90' lang='lat' dir='ltr'>caducas</span> <span class='ocrx_word' id='word_1_57' title='bbox 2104 1077 2123 1111; x_wconf 88' lang='lat'><em>‚</em></span> 
     </span>
    </p>

    <p class='ocr_par' dir='ltr' id='par_1_7' title="bbox 312 1115 1998 1200">
     <span class='ocr_line' id='line_1_10' title="bbox 312 1115 1998 1200; baseline -0.001 -20"><span class='ocrx_word' id='word_1_58' title='bbox 312 1120 425 1180; x_wconf 90' lang='lat' dir='ltr'>aut</span> <span class='ocrx_word' id='word_1_59' title='bbox 470 1138 721 1180; x_wconf 84' lang='lat' dir='ltr'>summa</span> <span class='ocrx_word' id='word_1_60' title='bbox 763 1120 991 1181; x_wconf 87' lang='lat' dir='ltr'>nantes</span> <span class='ocrx_word' id='word_1_61' title='bbox 1037 1115 1107 1179; x_wconf 91' lang='lat' dir='ltr'>in</span> <span class='ocrx_word' id='word_1_62' title='bbox 1153 1137 1319 1200; x_wconf 88' lang='lat' dir='ltr'>aqua</span> <span class='ocrx_word' id='word_1_63' title='bbox 1365 1115 1682 1181; x_wconf 87' lang='lat' dir='ltr'>colludere</span> <span class='ocrx_word' id='word_1_64' title='bbox 1727 1115 1998 1199; x_wconf 89' lang='lat' dir='ltr'>plumas.</span> 
     </span>
    </p>

    <p class='ocr_par' dir='ltr' id='par_1_8' title="bbox 310 1203 2419 1376">
     <span class='ocr_line' id='line_1_11' title="bbox 312 1203 2419 1287; baseline -0 -19"><span class='ocrx_word' id='word_1_65' title='bbox 312 1208 382 1268; x_wconf 90' lang='lat' dir='ltr'>at</span> <span class='ocrx_word' id='word_1_66' title='bbox 424 1203 669 1268; x_wconf 90' lang='lat' dir='ltr'>Boreae</span> <span class='ocrx_word' id='word_1_67' title='bbox 717 1204 792 1268; x_wconf 93' lang='lat' dir='ltr'>de</span> <span class='ocrx_word' id='word_1_68' title='bbox 837 1209 1021 1287; x_wconf 91' lang='lat' dir='ltr'>parte</span> <span class='ocrx_word' id='word_1_69' title='bbox 1067 1204 1267 1268; x_wconf 88' lang='lat' dir='ltr'>trucis</span> <span class='ocrx_word' id='word_1_70' title='bbox 1314 1226 1460 1268; x_wconf 94' lang='lat' dir='ltr'>cum</span> <span class='ocrx_word' id='word_1_71' title='bbox 1505 1203 1808 1268; x_wconf 73' lang='lat' dir='ltr'>fulminat</span> <span class='ocrx_word' id='word_1_72' title='bbox 1854 1208 1920 1267; x_wconf 88' lang='lat' dir='ltr'>et</span> <span class='ocrx_word' id='word_1_73' title='bbox 1966 1225 2113 1267; x_wconf 94' lang='lat' dir='ltr'>cum</span> <span class='ocrx_word' id='word_1_74' title='bbox 2317 1219 2419 1267; x_wconf 81' lang='lat'>370</span> 
     </span>
     <span class='ocr_line' id='line_1_12' title="bbox 310 1286 2092 1376; baseline -0.001 -21"><span class='ocrx_word' id='word_1_75' title='bbox 310 1286 598 1375; x_wconf 86' lang='lat' dir='ltr'>Eurique</span> <span class='ocrx_word' id='word_1_76' title='bbox 644 1290 1043 1376; x_wconf 83' lang='lat' dir='ltr'>Zephyrique</span> <span class='ocrx_word' id='word_1_77' title='bbox 1089 1296 1277 1355; x_wconf 86' lang='lat' dir='ltr'>tonat</span> <span class='ocrx_word' id='word_1_78' title='bbox 1323 1293 1577 1356; x_wconf 88' lang='lat' dir='ltr'>domus:</span> <span class='ocrx_word' id='word_1_79' title='bbox 1626 1292 1842 1356; x_wconf 89' lang='lat' dir='ltr'>omnia</span> <span class='ocrx_word' id='word_1_80' title='bbox 1885 1291 2092 1375; x_wconf 91' lang='lat' dir='ltr'>plenis</span> 
     </span>
    </p>

    <p class='ocr_par' dir='ltr' id='par_1_9' title="bbox 309 1380 1978 1464">
     <span class='ocr_line' id='line_1_13' title="bbox 309 1380 1978 1464; baseline -0.001 -20"><span class='ocrx_word' id='word_1_81' title='bbox 309 1401 462 1444; x_wconf 89' lang='lat' dir='ltr'>rura</span> <span class='ocrx_word' id='word_1_82' title='bbox 504 1384 735 1444; x_wconf 89' lang='lat' dir='ltr'>natant</span> <span class='ocrx_word' id='word_1_83' title='bbox 780 1380 972 1445; x_wconf 89' lang='lat' dir='ltr'>fossis</span> <span class='ocrx_word' id='word_1_84' title='bbox 1021 1383 1211 1463; x_wconf 88' lang='lat' dir='ltr'>atque</span> <span class='ocrx_word' id='word_1_85' title='bbox 1260 1380 1467 1444; x_wconf 90' lang='lat' dir='ltr'>omnis</span> <span class='ocrx_word' id='word_1_86' title='bbox 1512 1380 1734 1445; x_wconf 87' lang='lat' dir='ltr'>navita</span> <span class='ocrx_word' id='word_1_87' title='bbox 1776 1386 1978 1464; x_wconf 88' lang='lat' dir='ltr'>ponto</span> 
     </span>
    </p>

    <p class='ocr_par' dir='ltr' id='par_1_10' title="bbox 311 1467 2171 1643">
     <span class='ocr_line' id='line_1_14' title="bbox 311 1467 2171 1554; baseline -0.001 -23"><span class='ocrx_word' id='word_1_88' title='bbox 311 1467 530 1532; x_wconf 92' lang='lat' dir='ltr'>umida</span> <span class='ocrx_word' id='word_1_89' title='bbox 573 1467 715 1532; x_wconf 84' lang='lat' dir='ltr'>vela</span> <span class='ocrx_word' id='word_1_90' title='bbox 760 1467 937 1554; x_wconf 81' lang='lat' dir='ltr'>legit.</span> <span class='ocrx_word' id='word_1_91' title='bbox 1008 1490 1362 1551; x_wconf 87' lang='lat' dir='ltr'>numquam</span> <span class='ocrx_word' id='word_1_92' title='bbox 1404 1468 1917 1552; x_wconf 88' lang='lat' dir='ltr'>imprudentibus</span> <span class='ocrx_word' id='word_1_93' title='bbox 1962 1467 2171 1531; x_wconf 90' lang='lat' dir='ltr'>imber</span> 
     </span>
     <span class='ocr_line' id='line_1_15' title="bbox 313 1556 1873 1643; baseline 0.001 -24"><span class='ocrx_word' id='word_1_94' title='bbox 313 1556 552 1619; x_wconf 86' lang='lat' dir='ltr'>obfuit:</span> <span class='ocrx_word' id='word_1_95' title='bbox 600 1559 712 1620; x_wconf 89' lang='lat' dir='ltr'>aut</span> <span class='ocrx_word' id='word_1_96' title='bbox 756 1556 941 1621; x_wconf 93' lang='lat' dir='ltr'>illum</span> <span class='ocrx_word' id='word_1_97' title='bbox 988 1561 1360 1643; x_wconf 85' lang='lat' dir='ltr'>surgentem</span> <span class='ocrx_word' id='word_1_98' title='bbox 1404 1556 1678 1620; x_wconf 81' lang='lat' dir='ltr'>vallibus</span> <span class='ocrx_word' id='word_1_99' title='bbox 1724 1556 1873 1620; x_wconf 90' lang='lat' dir='ltr'>imis</span> 
     </span>
    </p>

    <p class='ocr_par' dir='ltr' id='par_1_11' title="bbox 312 1643 2418 1816">
     <span class='ocr_line' id='line_1_16' title="bbox 312 1643 2418 1730; baseline -0.001 -22"><span class='ocrx_word' id='word_1_100' title='bbox 312 1644 520 1708; x_wconf 69' lang='lat' dir='ltr'>aeriae</span> <span class='ocrx_word' id='word_1_101' title='bbox 565 1643 787 1730; x_wconf 90' lang='lat' dir='ltr'>fugere</span> <span class='ocrx_word' id='word_1_102' title='bbox 837 1666 1055 1729; x_wconf 81' lang='lat' dir='ltr'>grueS,</span> <span class='ocrx_word' id='word_1_103' title='bbox 1102 1648 1214 1708; x_wconf 87' lang='lat' dir='ltr'>aut</span> <span class='ocrx_word' id='word_1_104' title='bbox 1259 1643 1496 1708; x_wconf 92' lang='lat' dir='ltr'>bucula</span> <span class='ocrx_word' id='word_1_105' title='bbox 1540 1643 1787 1708; x_wconf 92' lang='lat' dir='ltr'>caelum</span> <span class='ocrx_word' id='word_1_106' title='bbox 2055 1673 2064 1682; x_wconf 94' lang='lat'><strong>·</strong></span> <span class='ocrx_word' id='word_1_107' title='bbox 2317 1660 2418 1707; x_wconf 82' lang='lat'>375</span> 
     </span>
     <span class='ocr_line' id='line_1_17' title="bbox 312 1730 1850 1816; baseline 0 -21"><span class='ocrx_word' id='word_1_108' title='bbox 312 1732 665 1816; x_wconf 89' lang='lat' dir='ltr'>suspiciens</span> <span class='ocrx_word' id='word_1_109' title='bbox 712 1732 951 1815; x_wconf 89' lang='lat' dir='ltr'>patulis</span> <span class='ocrx_word' id='word_1_110' title='bbox 998 1730 1282 1815; x_wconf 84' lang='lat' dir='ltr'>captavit</span> <span class='ocrx_word' id='word_1_111' title='bbox 1325 1731 1588 1802; x_wconf 90' lang='lat' dir='ltr'>naribus</span> <span class='ocrx_word' id='word_1_112' title='bbox 1635 1753 1822 1795; x_wconf 88' lang='lat' dir='ltr'>auras</span> <span class='ocrx_word' id='word_1_113' title='bbox 1833 1781 1850 1815; x_wconf 86' lang='lat'><em>‚</em></span> 
     </span>
    </p>

    <p class='ocr_par' dir='ltr' id='par_1_12' title="bbox 231 1817 1830 1905">
     <span class='ocr_line' id='line_1_18' title="bbox 231 1817 1830 1905; baseline -0.002 -21"><span class='ocrx_word' id='word_1_114' title='bbox 231 1859 238 1868; x_wconf 90' lang='lat'><strong>·</strong></span> <span class='ocrx_word' id='word_1_115' title='bbox 313 1824 428 1884; x_wconf 89' lang='lat' dir='ltr'>aut</span> <span class='ocrx_word' id='word_1_116' title='bbox 473 1825 703 1905; x_wconf 87' lang='lat' dir='ltr'>arguta</span> <span class='ocrx_word' id='word_1_117' title='bbox 748 1819 924 1883; x_wconf 91' lang='lat' dir='ltr'>lacus</span> <span class='ocrx_word' id='word_1_118' title='bbox 973 1818 1513 1902; x_wconf 84' lang='lat' dir='ltr'>circumvolitavit</span> <span class='ocrx_word' id='word_1_119' title='bbox 1555 1817 1830 1881; x_wconf 87' lang='lat' dir='ltr'>hirundo</span> 
     </span>
    </p>

    <p class='ocr_par' dir='ltr' id='par_1_13' title="bbox 311 1905 1999 1990">
     <span class='ocr_line' id='line_1_19' title="bbox 311 1905 1999 1990; baseline -0.001 -18"><span class='ocrx_word' id='word_1_120' title='bbox 311 1913 377 1973; x_wconf 91' lang='lat' dir='ltr'>et</span> <span class='ocrx_word' id='word_1_121' title='bbox 422 1911 703 1972; x_wconf 88' lang='lat' dir='ltr'>veterem</span> <span class='ocrx_word' id='word_1_122' title='bbox 749 1907 819 1971; x_wconf 91' lang='lat' dir='ltr'>in</span> <span class='ocrx_word' id='word_1_123' title='bbox 861 1906 1017 1971; x_wconf 92' lang='lat' dir='ltr'>limo</span> <span class='ocrx_word' id='word_1_124' title='bbox 1064 1927 1255 1971; x_wconf 90' lang='lat' dir='ltr'>ranae</span> <span class='ocrx_word' id='word_1_125' title='bbox 1303 1905 1587 1971; x_wconf 88' lang='lat' dir='ltr'>cecinere</span> <span class='ocrx_word' id='word_1_126' title='bbox 1635 1905 1999 1990; x_wconf 88' lang='lat' dir='ltr'>querellam.</span> 
     </span>
    </p>

    <p class='ocr_par' dir='ltr' id='par_1_14' title="bbox 312 1994 2416 2256">
     <span class='ocr_line' id='line_1_20' title="bbox 314 1994 2297 2087; baseline -0.002 -26"><span class='ocrx_word' id='word_1_127' title='bbox 314 1995 603 2087; x_wconf 89' lang='lat' dir='ltr'>saepius</span> <span class='ocrx_word' id='word_1_128' title='bbox 615 1999 681 2059; x_wconf 88' lang='lat' dir='ltr'>et</span> <span class='ocrx_word' id='word_1_129' title='bbox 725 1995 915 2060; x_wconf 87' lang='lat' dir='ltr'>tectis</span> <span class='ocrx_word' id='word_1_130' title='bbox 960 1994 1398 2080; x_wconf 88' lang='lat' dir='ltr'>penetralibus</span> <span class='ocrx_word' id='word_1_131' title='bbox 1446 1994 1678 2058; x_wconf 85' lang='lat' dir='ltr'>extulit</span> <span class='ocrx_word' id='word_1_132' title='bbox 1724 2016 1845 2059; x_wconf 93' lang='lat' dir='ltr'>ova</span> <span class='ocrx_word' id='word_1_133' title='bbox 2294 2050 2297 2051; x_wconf 12' lang='grc' dir='ltr'><em>γ</em></span> 
     </span>
     <span class='ocr_line' id='line_1_21' title="bbox 312 2072 2416 2170; baseline -0 -22"><span class='ocrx_word' id='word_1_134' title='bbox 312 2072 662 2170; x_wconf 90' lang='lat' dir='ltr'>angustum</span> <span class='ocrx_word' id='word_1_135' title='bbox 706 2083 977 2148; x_wconf 88' lang='lat' dir='ltr'>formica</span> <span class='ocrx_word' id='word_1_136' title='bbox 1020 2088 1233 2148; x_wconf 89' lang='lat' dir='ltr'>terens</span> <span class='ocrx_word' id='word_1_137' title='bbox 1278 2083 1405 2147; x_wconf 88' lang='lat' dir='ltr'>iter</span> <span class='ocrx_word' id='word_1_138' title='bbox 1451 2086 1516 2147; x_wconf 88' lang='lat' dir='ltr'>et</span> <span class='ocrx_word' id='word_1_139' title='bbox 1560 2082 1731 2147; x_wconf 88' lang='lat' dir='ltr'>bibit</span> <span class='ocrx_word' id='word_1_140' title='bbox 1774 2083 2002 2168; x_wconf 91' lang='lat' dir='ltr'>ingens</span> <span class='ocrx_word' id='word_1_141' title='bbox 2319 2101 2416 2149; x_wconf 84' lang='grc'>380</span> 
     </span>
     <span class='ocr_line' id='line_1_22' title="bbox 312 2171 1865 2272; baseline -0.001 -35"><span class='ocrx_word' id='word_1_142' title='bbox 312 2193 498 2237; x_wconf 89' lang='lat' dir='ltr'>arcus</span> <span class='ocrx_word' id='word_1_143' title='bbox 544 2176 611 2237; x_wconf 87' lang='lat' dir='ltr'>et</span> <span class='ocrx_word' id='word_1_144' title='bbox 657 2193 690 2236; x_wconf 97' lang='lat' dir='ltr'>e</span> <span class='ocrx_word' id='word_1_145' title='bbox 735 2175 927 2255; x_wconf 89' lang='lat' dir='ltr'>pastu</span> <span class='ocrx_word' id='word_1_146' title='bbox 974 2171 1279 2236; x_wconf 91' lang='lat' dir='ltr'>decedens</span> <span class='ocrx_word' id='word_1_147' title='bbox 1328 2171 1583 2272; x_wconf 88' lang='lat' dir='ltr'>agmine</span> <span class='ocrx_word' id='word_1_148' title='bbox 1629 2192 1865 2256; x_wconf 90' lang='lat' dir='ltr'>magno</span> 
     </span>
    </p>

    <p class='ocr_par' dir='ltr' id='par_1_15' title="bbox 307 2259 1822 2344">
     <span class='ocr_line' id='line_1_23' title="bbox 307 2259 1822 2344; baseline 0 -20"><span class='ocrx_word' id='word_1_149' title='bbox 307 2281 650 2325; x_wconf 92' lang='lat' dir='ltr'>corvorum</span> <span class='ocrx_word' id='word_1_150' title='bbox 694 2259 1014 2344; x_wconf 89' lang='lat' dir='ltr'>increpuit</span> <span class='ocrx_word' id='word_1_151' title='bbox 1061 2260 1271 2324; x_wconf 90' lang='lat' dir='ltr'>densis</span> <span class='ocrx_word' id='word_1_152' title='bbox 1320 2259 1637 2324; x_wconf 86' lang='lat' dir='ltr'>exercitus</span> <span class='ocrx_word' id='word_1_153' title='bbox 1687 2260 1822 2324; x_wconf 73' lang='lat' dir='ltr'>alis</span> 
     </span>
    </p>

    <p class='ocr_par' dir='ltr' id='par_1_16' title="bbox 309 2347 2105 2520">
     <span class='ocr_line' id='line_1_24' title="bbox 309 2347 2105 2434; baseline -0.001 -22"><span class='ocrx_word' id='word_1_154' title='bbox 309 2350 442 2413; x_wconf 90' lang='lat' dir='ltr'>iam</span> <span class='ocrx_word' id='word_1_155' title='bbox 486 2348 695 2413; x_wconf 87' lang='lat' dir='ltr'>varias</span> <span class='ocrx_word' id='word_1_156' title='bbox 741 2348 956 2434; x_wconf 90' lang='lat' dir='ltr'>pelagi</span> <span class='ocrx_word' id='word_1_157' title='bbox 1000 2347 1292 2413; x_wconf 91' lang='lat' dir='ltr'>volucres</span> <span class='ocrx_word' id='word_1_158' title='bbox 1341 2351 1406 2411; x_wconf 87' lang='lat' dir='ltr'>et</span> <span class='ocrx_word' id='word_1_159' title='bbox 1452 2369 1614 2431; x_wconf 89' lang='lat' dir='ltr'>quae</span> <span class='ocrx_word' id='word_1_160' title='bbox 1660 2347 1819 2410; x_wconf 93' lang='lat' dir='ltr'>Asia</span> <span class='ocrx_word' id='word_1_161' title='bbox 1866 2347 2105 2411; x_wconf 88' lang='lat' dir='ltr'>circum</span> 
     </span>
     <span class='ocr_line' id='line_1_25' title="bbox 312 2432 1938 2520; baseline -0.002 -19"><span class='ocrx_word' id='word_1_162' title='bbox 312 2436 604 2502; x_wconf 92' lang='lat' dir='ltr'>dulcibus</span> <span class='ocrx_word' id='word_1_163' title='bbox 648 2436 720 2499; x_wconf 90' lang='lat' dir='ltr'>in</span> <span class='ocrx_word' id='word_1_164' title='bbox 765 2435 1014 2520; x_wconf 87' lang='lat' dir='ltr'>stagnis</span> <span class='ocrx_word' id='word_1_165' title='bbox 1059 2436 1378 2499; x_wconf 91' lang='lat' dir='ltr'>rimantur</span> <span class='ocrx_word' id='word_1_166' title='bbox 1421 2439 1609 2518; x_wconf 92' lang='lat' dir='ltr'>prata</span> <span class='ocrx_word' id='word_1_167' title='bbox 1656 2432 1938 2518; x_wconf 85' lang='lat' dir='ltr'>Caystri,</span> 
     </span>
    </p>

    <p class='ocr_par' dir='ltr' id='par_1_17' title="bbox 311 2522 2421 2697">
     <span class='ocr_line' id='line_1_26' title="bbox 312 2522 2421 2609; baseline -0.001 -20"><span class='ocrx_word' id='word_1_168' title='bbox 312 2525 608 2589; x_wconf 90' lang='lat' dir='ltr'>certatim</span> <span class='ocrx_word' id='word_1_169' title='bbox 654 2524 872 2609; x_wconf 89' lang='lat' dir='ltr'>largos</span> <span class='ocrx_word' id='word_1_170' title='bbox 917 2523 1153 2587; x_wconf 88' lang='lat' dir='ltr'>umeris</span> <span class='ocrx_word' id='word_1_171' title='bbox 1198 2522 1534 2586; x_wconf 87' lang='lat' dir='ltr'>infundere</span> <span class='ocrx_word' id='word_1_172' title='bbox 1578 2543 1785 2606; x_wconf 78' lang='lat' dir='ltr'>rores,</span> <span class='ocrx_word' id='word_1_173' title='bbox 2320 2539 2421 2587; x_wconf 87' lang='lat'>385</span> 
     </span>
     <span class='ocr_line' id='line_1_27' title="bbox 311 2610 2220 2697; baseline -0.001 -21"><span class='ocrx_word' id='word_1_174' title='bbox 311 2634 482 2678; x_wconf 92' lang='lat' dir='ltr'>nunc</span> <span class='ocrx_word' id='word_1_175' title='bbox 528 2616 721 2697; x_wconf 91' lang='lat' dir='ltr'>caput</span> <span class='ocrx_word' id='word_1_176' title='bbox 770 2611 1089 2676; x_wconf 92' lang='lat' dir='ltr'>obiectare</span> <span class='ocrx_word' id='word_1_177' title='bbox 1134 2610 1349 2695; x_wconf 81' lang='lat' dir='ltr'>fretis,</span> <span class='ocrx_word' id='word_1_178' title='bbox 1391 2631 1563 2674; x_wconf 89' lang='lat' dir='ltr'>nunc</span> <span class='ocrx_word' id='word_1_179' title='bbox 1610 2632 1861 2675; x_wconf 90' lang='lat' dir='ltr'>currere</span> <span class='ocrx_word' id='word_1_180' title='bbox 1906 2610 1976 2674; x_wconf 91' lang='lat' dir='ltr'>in</span> <span class='ocrx_word' id='word_1_181' title='bbox 2019 2611 2220 2675; x_wconf 91' lang='lat' dir='ltr'>undas</span> 
     </span>
    </p>

    <p class='ocr_par' dir='ltr' id='par_1_18' title="bbox 312 2697 1874 2785">
     <span class='ocr_line' id='line_1_28' title="bbox 312 2697 1874 2785; baseline -0.001 -21"><span class='ocrx_word' id='word_1_182' title='bbox 312 2704 379 2764; x_wconf 88' lang='lat' dir='ltr'>et</span> <span class='ocrx_word' id='word_1_183' title='bbox 424 2699 638 2765; x_wconf 85' lang='lat' dir='ltr'>studio</span> <span class='ocrx_word' id='word_1_184' title='bbox 682 2700 1011 2764; x_wconf 89' lang='lat' dir='ltr'>incassum</span> <span class='ocrx_word' id='word_1_185' title='bbox 1055 2698 1270 2763; x_wconf 89' lang='lat' dir='ltr'>videas</span> <span class='ocrx_word' id='word_1_186' title='bbox 1320 2698 1557 2785; x_wconf 86' lang='lat' dir='ltr'>gestire</span> <span class='ocrx_word' id='word_1_187' title='bbox 1602 2697 1874 2762; x_wconf 84' lang='lat' dir='ltr'>lavandi.</span> 
     </span>
    </p>

    <p class='ocr_par' dir='ltr' id='par_1_19' title="bbox 311 2786 2053 2889">
     <span class='ocr_line' id='line_1_29' title="bbox 311 2786 2053 2889; baseline -0.002 -37"><span class='ocrx_word' id='word_1_188' title='bbox 311 2792 453 2852; x_wconf 90' lang='lat' dir='ltr'>tum</span> <span class='ocrx_word' id='word_1_189' title='bbox 498 2787 740 2852; x_wconf 84' lang='lat' dir='ltr'>cornix</span> <span class='ocrx_word' id='word_1_190' title='bbox 758 2788 953 2889; x_wconf 88' lang='lat' dir='ltr'>plena</span> <span class='ocrx_word' id='word_1_191' title='bbox 995 2787 1281 2872; x_wconf 91' lang='lat' dir='ltr'>pluviam</span> <span class='ocrx_word' id='word_1_192' title='bbox 1325 2790 1516 2852; x_wconf 88' lang='lat' dir='ltr'>vocat</span> <span class='ocrx_word' id='word_1_193' title='bbox 1558 2786 1855 2871; x_wconf 89' lang='lat' dir='ltr'>improba</span> <span class='ocrx_word' id='word_1_194' title='bbox 1898 2806 2053 2851; x_wconf 92' lang='lat' dir='ltr'>voce</span> 
     </span>
    </p>

    <p class='ocr_par' dir='ltr' id='par_1_20' title="bbox 312 2864 1815 2959">
     <span class='ocr_line' id='line_1_30' title="bbox 312 2864 1815 2959; baseline -0.002 -18"><span class='ocrx_word' id='word_1_195' title='bbox 312 2880 378 2941; x_wconf 88' lang='lat' dir='ltr'>et</span> <span class='ocrx_word' id='word_1_196' title='bbox 424 2864 563 2940; x_wconf 86' lang='lat' dir='ltr'>sola</span> <span class='ocrx_word' id='word_1_197' title='bbox 604 2876 676 2939; x_wconf 91' lang='lat' dir='ltr'>in</span> <span class='ocrx_word' id='word_1_198' title='bbox 721 2876 890 2941; x_wconf 89' lang='lat' dir='ltr'>sicca</span> <span class='ocrx_word' id='word_1_199' title='bbox 937 2898 1151 2940; x_wconf 91' lang='lat' dir='ltr'>secum</span> <span class='ocrx_word' id='word_1_200' title='bbox 1199 2876 1518 2959; x_wconf 87' lang='lat' dir='ltr'>spatiatur</span> <span class='ocrx_word' id='word_1_201' title='bbox 1559 2875 1815 2939; x_wconf 87' lang='lat' dir='ltr'>harena.</span> 
     </span>
    </p>
   </div>
   <div class='ocr_carea' id='block_1_3' title="bbox 209 2960 2423 3048">
    <p class='ocr_par' dir='ltr' id='par_1_21' title="bbox 209 2960 2423 3048">
     <span class='ocr_line' id='line_1_31' title="bbox 209 2960 2423 3048; baseline -0.002 -19"><span class='ocrx_word' id='word_1_202' title='bbox 209 2977 217 2983; x_wconf 83' lang='lat'>&#39;</span> <span class='ocrx_word' id='word_1_203' title='bbox 310 2987 390 3029; x_wconf 87' lang='grc'>110</span> <span class='ocrx_word' id='word_1_204' title='bbox 436 2968 753 3028; x_wconf 87' lang='lat' dir='ltr'>nocturna</span> <span class='ocrx_word' id='word_1_205' title='bbox 799 2965 1054 3048; x_wconf 91' lang='lat' dir='ltr'>quidem</span> <span class='ocrx_word' id='word_1_206' title='bbox 1101 2967 1434 3047; x_wconf 88' lang='lat' dir='ltr'>carpentes</span> <span class='ocrx_word' id='word_1_207' title='bbox 1479 2984 1680 3048; x_wconf 89' lang='lat' dir='ltr'>pensa</span> <span class='ocrx_word' id='word_1_208' title='bbox 1723 2960 1972 3047; x_wconf 90' lang='lat' dir='ltr'>puellae</span> <span class='ocrx_word' id='word_1_209' title='bbox 2323 2977 2423 3026; x_wconf 83' lang='grc'>390</span> 
     </span>
    </p>
   </div>
   <div class='ocr_carea' id='block_1_4' title="bbox 309 3050 2424 3663">
    <p class='ocr_par' dir='ltr' id='par_1_22' title="bbox 309 3050 2050 3224">
     <span class='ocr_line' id='line_1_32' title="bbox 309 3050 2034 3137; baseline -0.002 -21"><span class='ocrx_word' id='word_1_210' title='bbox 309 3051 635 3117; x_wconf 90' lang='lat' dir='ltr'>nescivere</span> <span class='ocrx_word' id='word_1_211' title='bbox 681 3052 985 3137; x_wconf 85' lang='lat' dir='ltr'>hiemem,</span> <span class='ocrx_word' id='word_1_212' title='bbox 1029 3055 1203 3116; x_wconf 88' lang='lat' dir='ltr'>testa</span> <span class='ocrx_word' id='word_1_213' title='bbox 1247 3074 1395 3116; x_wconf 94' lang='lat' dir='ltr'>cum</span> <span class='ocrx_word' id='word_1_214' title='bbox 1441 3052 1699 3115; x_wconf 89' lang='lat' dir='ltr'>ardente</span> <span class='ocrx_word' id='word_1_215' title='bbox 1747 3050 2034 3114; x_wconf 86' lang='lat' dir='ltr'>viderent</span> 
     </span>
     <span class='ocr_line' id='line_1_33' title="bbox 313 3137 2050 3224; baseline -0.003 -19"><span class='ocrx_word' id='word_1_216' title='bbox 313 3140 664 3205; x_wconf 85' lang='lat' dir='ltr'>scintillare</span> <span class='ocrx_word' id='word_1_217' title='bbox 713 3140 924 3204; x_wconf 92' lang='lat' dir='ltr'>oleum</span> <span class='ocrx_word' id='word_1_218' title='bbox 970 3143 1037 3204; x_wconf 88' lang='lat' dir='ltr'>et</span> <span class='ocrx_word' id='word_1_219' title='bbox 1078 3145 1300 3224; x_wconf 90' lang='lat' dir='ltr'>putres</span> <span class='ocrx_word' id='word_1_220' title='bbox 1349 3159 1752 3204; x_wconf 88' lang='lat' dir='ltr'>concrescere</span> <span class='ocrx_word' id='word_1_221' title='bbox 1797 3137 2050 3223; x_wconf 91' lang='lat' dir='ltr'>fungos.</span> 
     </span>
    </p>

    <p class='ocr_par' dir='ltr' id='par_1_23' title="bbox 310 3227 2424 3663">
     <span class='ocr_line' id='line_1_34' title="bbox 399 3227 2028 3308; baseline -0.003 -16"><span class='ocrx_word' id='word_1_222' title='bbox 399 3227 538 3293; x_wconf 91' lang='lat' dir='ltr'>Nec</span> <span class='ocrx_word' id='word_1_223' title='bbox 583 3228 795 3293; x_wconf 88' lang='lat' dir='ltr'>minus</span> <span class='ocrx_word' id='word_1_224' title='bbox 843 3250 921 3292; x_wconf 84' lang='lat' dir='ltr'>ex</span> <span class='ocrx_word' id='word_1_225' title='bbox 962 3228 1157 3292; x_wconf 88' lang='lat' dir='ltr'>imbri</span> <span class='ocrx_word' id='word_1_226' title='bbox 1204 3227 1372 3291; x_wconf 92' lang='lat' dir='ltr'>soles</span> <span class='ocrx_word' id='word_1_227' title='bbox 1420 3229 1485 3290; x_wconf 88' lang='lat' dir='ltr'>et</span> <span class='ocrx_word' id='word_1_228' title='bbox 1533 3230 1757 3308; x_wconf 90' lang='lat' dir='ltr'>operta</span> <span class='ocrx_word' id='word_1_229' title='bbox 1803 3247 2028 3290; x_wconf 88' lang='lat' dir='ltr'>serena</span> 
     </span>
     <span class='ocr_line' id='line_1_35' title="bbox 312 3313 2034 3401; baseline -0.002 -22"><span class='ocrx_word' id='word_1_230' title='bbox 312 3317 678 3401; x_wconf 90' lang='lat' dir='ltr'>prospicere</span> <span class='ocrx_word' id='word_1_231' title='bbox 726 3319 791 3380; x_wconf 88' lang='lat' dir='ltr'>et</span> <span class='ocrx_word' id='word_1_232' title='bbox 839 3315 1030 3380; x_wconf 90' lang='lat' dir='ltr'>certis</span> <span class='ocrx_word' id='word_1_233' title='bbox 1076 3315 1319 3398; x_wconf 87' lang='lat' dir='ltr'>poteris</span> <span class='ocrx_word' id='word_1_234' title='bbox 1368 3334 1753 3399; x_wconf 87' lang='lat' dir='ltr'>cognoscere</span> <span class='ocrx_word' id='word_1_235' title='bbox 1802 3313 2034 3398; x_wconf 85' lang='lat' dir='ltr'>signis:</span> 
     </span>
     <span class='ocr_line' id='line_1_36' title="bbox 310 3401 2424 3488; baseline -0.002 -20"><span class='ocrx_word' id='word_1_236' title='bbox 310 3426 462 3468; x_wconf 92' lang='lat' dir='ltr'>nam</span> <span class='ocrx_word' id='word_1_237' title='bbox 505 3426 711 3488; x_wconf 92' lang='lat' dir='ltr'>neque</span> <span class='ocrx_word' id='word_1_238' title='bbox 757 3407 898 3467; x_wconf 90' lang='lat' dir='ltr'>tum</span> <span class='ocrx_word' id='word_1_239' title='bbox 944 3402 1148 3466; x_wconf 90' lang='lat' dir='ltr'>stellis</span> <span class='ocrx_word' id='word_1_240' title='bbox 1196 3402 1364 3466; x_wconf 91' lang='lat' dir='ltr'>acies</span> <span class='ocrx_word' id='word_1_241' title='bbox 1412 3402 1689 3465; x_wconf 90' lang='lat' dir='ltr'>obtunsa</span> <span class='ocrx_word' id='word_1_242' title='bbox 1734 3401 2011 3484; x_wconf 87' lang='lat' dir='ltr'>videtur,</span> <span class='ocrx_word' id='word_1_243' title='bbox 2321 3417 2424 3464; x_wconf 80' lang='lat'>395</span> 
     </span>
     <span class='ocr_line' id='line_1_37' title="bbox 310 3488 1826 3574; baseline -0.002 -19"><span class='ocrx_word' id='word_1_244' title='bbox 310 3514 429 3558; x_wconf 92' lang='lat' dir='ltr'>nec</span> <span class='ocrx_word' id='word_1_245' title='bbox 473 3492 691 3556; x_wconf 88' lang='lat' dir='ltr'>fratris</span> <span class='ocrx_word' id='word_1_246' title='bbox 737 3491 933 3555; x_wconf 89' lang='lat' dir='ltr'>radiis</span> <span class='ocrx_word' id='word_1_247' title='bbox 982 3490 1260 3554; x_wconf 85' lang='lat' dir='ltr'>obnoxia</span> <span class='ocrx_word' id='word_1_248' title='bbox 1306 3510 1567 3574; x_wconf 90' lang='lat' dir='ltr'>surgere</span> <span class='ocrx_word' id='word_1_249' title='bbox 1610 3488 1826 3572; x_wconf 84' lang='lat' dir='ltr'>Luna,</span> 
     </span>
     <span class='ocr_line' id='line_1_38' title="bbox 314 3576 1890 3663; baseline -0.003 -19"><span class='ocrx_word' id='word_1_250' title='bbox 314 3581 537 3644; x_wconf 87' lang='lat' dir='ltr'>tenuia</span> <span class='ocrx_word' id='word_1_251' title='bbox 579 3601 697 3644; x_wconf 92' lang='lat' dir='ltr'>nec</span> <span class='ocrx_word' id='word_1_252' title='bbox 742 3579 927 3643; x_wconf 91' lang='lat' dir='ltr'>lanae</span> <span class='ocrx_word' id='word_1_253' title='bbox 973 3600 1089 3663; x_wconf 92' lang='lat' dir='ltr'>per</span> <span class='ocrx_word' id='word_1_254' title='bbox 1135 3577 1382 3642; x_wconf 88' lang='lat' dir='ltr'>caelum</span> <span class='ocrx_word' id='word_1_255' title='bbox 1428 3576 1664 3641; x_wconf 91' lang='lat' dir='ltr'>vellera</span> <span class='ocrx_word' id='word_1_256' title='bbox 1708 3576 1890 3660; x_wconf 80' lang='lat' dir='ltr'>ferri3</span> 
     </span>
    </p>
   </div>
  </div>
 </body>
</html>
