2673 3925
967 252 1387 309 GEORGICON
1422 253 1553 310 LIB.
1593 252 1685 307 ΙΙΙ.
2236 254 2332 317 67

312 397 581 482 pabula,
623 420 741 463 nec
788 402 930 462 tota
976 398 1232 462 claudes
1278 396 1541 461 faenilia
1587 399 1831 461 bruma.

315 490 383 549 at
427 507 580 550 vero
625 485 919 570 zephyris
968 508 1115 550 cum
1160 486 1332 549 laeta
1378 487 1759 550 vocantibus
1807 491 2016 551 aestas

312 575 384 638 in
429 575 634 638 saltus
681 579 1023 656 utrumque
1072 595 1335 659 gregem
1383 578 1575 657 atque
1619 575 1691 638 in
1733 597 1973 659 pascua
2018 574 2266 660 mittet,

315 661 596 727 Luciferi
641 663 851 747 primo
901 685 1046 726 cum
1093 662 1299 726 sidere
1346 662 1583 748 frigida
1630 686 1782 727 rura

315 758 691 836 carpamus,
724 751 877 815 dum
922 771 1109 814 mane
1154 772 1424 834 novum,
1469 752 1621 814 dum
1670 752 1961 836 gramina
2007 757 2265 837 canent,
2320 768 2420 817 325

313 843 379 902 et
423 862 531 903 ros
576 839 647 903 in
691 843 914 903 tenera
956 839 1174 923 pecori
1222 839 1630 924 gratissimus
1677 840 1893 904 herba.

310 927 456 991 inde
501 928 616 992 ubi
663 932 892 1012 quarta
938 927 1115 991 sitim
1162 927 1320 991 caeli
1369 927 1700 1013 collegerit
1744 929 1907 992 hora

313 1019 377 1079 et
423 1021 616 1080 cantu
664 1015 965 1099 querulae
1011 1020 1311 1100 rumpent
1357 1017 1622 1080 arbusta
1668 1015 1948 1101 cicadae,

312 1105 391 1168 ad
434 1109 668 1189 puteos
717 1108 828 1167 aut
875 1104 1008 1167 alta
1054 1125 1282 1189 greges
1330 1105 1410 1167 ad
1457 1108 1688 1190 stagna
1731 1105 1953 1169 iubeto

209 1264 232 1275 ,
311 1197 673 1257 currentem
715 1192 936 1277 ilignis
981 1197 1208 1277 potare
1255 1192 1584 1257 canalibus
1630 1194 1894 1278 undam3
2319 1209 2420 1257 330

311 1280 597 1344 aestibus
645 1283 714 1343 at
758 1280 984 1345 mediis
1030 1281 1403 1345 umbrosam
1448 1281 1778 1363 exquirere
1824 1280 2084 1366 vallem,

311 1368 517 1433 sicubi
563 1390 799 1454 magna
843 1368 1017 1432 Iovis
1066 1369 1329 1453 antiquo
1378 1370 1609 1433 robore
1657 1391 1926 1453 quercus

309 1457 603 1542 ingentes
649 1458 874 1521 tendat
916 1479 1161 1542 ramoS,
1205 1463 1320 1521 aut
1365 1457 1572 1522 sicubi
1615 1458 1875 1544 nigrum

307 1545 565 1612 ilicibus
613 1546 853 1610 crebris
900 1569 1083 1611 sacra
1125 1568 1353 1610 nemus
1402 1547 1671 1611 accubet
1714 1547 1971 1632 umbra3

308 1639 451 1698 tum
495 1638 721 1698 tenues
768 1635 918 1698 dare
964 1656 1186 1697 rursus
1235 1655 1433 1716 aquas
1481 1639 1548 1697 et
1589 1655 1849 1717 pascere
1896 1656 2118 1698 rursus
2317 1651 2417 1698 335

310 1722 464 1786 solis
512 1722 591 1785 ad
640 1743 966 1805 occasum,
1012 1743 1159 1785 cum
1204 1720 1479 1805 frigidus
1528 1727 1675 1783 aera
1719 1742 1945 1805 vesper

310 1813 629 1893 temperat
675 1815 741 1873 et
785 1809 989 1872 saltus
1034 1808 1243 1872 reficit
1286 1808 1417 1871 iam
1461 1808 1715 1872 roscida
1758 1809 1940 1892 luna,

307 1897 628 1981 litoraque
675 1897 987 1981 alcyonen
1028 1900 1360 1981 resonant,
1407 1895 1813 1960 acalanthida
1858 1896 2049 1960 dumi.

397 1985 563 2061 Quid
607 1985 730 2050 tibi
774 1990 1067 2070 pastores
1113 1985 1385 2069 Libyae,
1431 1985 1583 2068 quid
1626 2008 1868 2070 pascua
1912 2008 2099 2049 versu

306 2096 660 2159 prosequar
706 2078 770 2138 et
814 2074 978 2137 raris
1022 2074 1319 2137 habitata
1366 2073 1643 2158 mapalia
1689 2073 1925 2139 tectis?
2316 2093 2417 2141 340

308 2184 497 2248 saepe
543 2162 711 2226 diem
754 2166 1139 2247 noctemque
1187 2168 1253 2226 et
1297 2167 1510 2227 totum
1556 2184 1635 2226 ex
1682 2162 1901 2227 ordine
1948 2185 2232 2227 mensem

305 2251 592 2336 pascitur
636 2252 816 2336 itque
859 2273 1055 2335 pecus
1102 2252 1299 2336 longa
1344 2251 1413 2314 in
1460 2252 1713 2315 deserta
1759 2250 1895 2315 sine
1942 2252 2090 2315 ullis

305 2340 636 2425 hospitiis:
682 2344 939 2403 tantum
986 2339 1196 2424 campi
1240 2340 1427 2403 iacet.
1477 2339 1693 2403 omnia
1742 2361 1959 2404 secum

309 2428 731 2492 armentarius
777 2427 936 2491 Afer
983 2428 1149 2513 agit,
1192 2431 1563 2509 tectumque
1608 2427 1937 2510 laremque

307 2537 608 2600 armaque
628 2515 1173 2599 Amyclaeumque
1203 2536 1425 2578 canem
1455 2512 1876 2598 Cressamque
1904 2515 2293 2600 pharetram,
2314 2535 2413 2583 345

304 2626 438 2668 non
482 2626 663 2668 secus
710 2625 785 2667 ac
829 2602 1059 2687 patriis
1107 2624 1251 2667 acer
1294 2602 1626 2667 Romanus
1671 2603 1742 2667 in
1788 2604 1981 2668 armis

304 2692 547 2757 iniusto
596 2691 715 2756 sub
760 2690 933 2755 fasce
979 2690 1151 2755 viam
1198 2713 1344 2755 cum
1391 2692 1599 2776 carpit
1646 2696 1711 2756 et
1754 2692 1931 2757 hosti

308 2785 456 2845 ante
505 2784 945 2865 exspectatum
990 2779 1223 2863 positis
1271 2783 1405 2844 stat
1448 2780 1517 2843 in
1564 2780 1818 2866 agmine
1867 2782 2112 2845 castris,

394 2869 486 2933 At
528 2890 661 2932 11011
669 2920 688 2953 ,
734 2890 860 2951 qua
907 2866 1208 2952 Scythiae
1256 2872 1481 2953 gentes
1527 2867 1934 2952 Maeotiaque
1981 2871 2178 2953 unda,

305 2957 602 3021 turbidus
650 2961 716 3020 et
760 2960 1067 3041 torquens
1112 2957 1420 3021 flaventes
1467 2957 1690 3021 Hister
1734 2958 2035 3041 harenaS,
2312 2976 2412 3024 350

307 3068 557 3130 quaque
603 3044 770 3110 redit
815 3045 1096 3109 medium
1140 3044 1454 3129 Rhodope
1497 3050 1796 3130 porrecta
1841 3046 1959 3109 sub
2009 3068 2207 3109 axem.

304 3134 438 3200 illic
485 3136 704 3200 clausa
747 3137 969 3197 1361161113
1015 3133 1289 3198 stabulis
1342 3137 1658 3217 armenta,
1702 3134 1908 3217 neque
1954 3134 2119 3197 ullae

307 3227 420 3286 aut
461 3223 699 3287 herbae
747 3244 972 3305 campo
1020 3222 1329 3306 adparent
1376 3226 1489 3285 aut
1533 3222 1760 3285 arbore
1791 3222 2092 3305 rfrondes3

307 3311 417 3375 sed
460 3311 628 3375 iacet
675 3310 1020 3395 aggeribus
1067 3309 1270 3373 niveis
1315 3308 1612 3372 informis
1661 3314 1726 3373 et
1773 3310 1904 3373 alto

305 3395 479 3463 terra
526 3399 671 3484 gelu
716 3399 847 3462 late
895 3403 1267 3482 septemque
1313 3398 1607 3482 adsurgit
1652 3398 1721 3460 in
1764 3398 1967 3461 ulnas.
2305 3416 2407 3464 355

306 3508 556 3570 semper
600 3487 834 3571 hiems,
880 3507 1130 3569 semper
1177 3485 1493 3569 spirantes
1541 3485 1787 3570 frigora
1833 3484 2024 3549 cauri.

304 3580 447 3639 tum
493 3574 591 3640 sol
635 3575 949 3659 pallentes
994 3574 1166 3637 haud
1212 3596 1516 3657 umquam
1563 3574 1828 3637 discutit
1874 3573 2162 3657 umbras,

1926 3675 1997 3726 5*
