2673 3925
913 266 1382 324 'GEORGICON
1416 267 1548 324 LIB.
1586 267 1679 321 IV.
2248 267 2330 333 87

321 414 579 497 iamque
621 413 851 498 pedem
892 411 1175 477 referens
1222 434 1409 477 casus
1456 416 1746 477 evaserat
1792 432 2014 476 omnes
2025 462 2043 497 ‚
2333 429 2437 478 485

323 502 697 586 redditaque
741 500 1059 585 Eurydice
1103 522 1370 585 superas
1414 500 1714 566 veniebat
1759 500 1841 563 ad
1887 521 2103 584 auras,

323 611 490 675 pone
549 610 849 674 sequenS‚
907 623 993 634 —
1051 610 1329 672 namque
1387 588 1556 653 hanc
1614 589 1875 739 dclderat
1931 585 2320 673 Proserpina

1700 698 1735 741 e
1783 697 1884 740 em
1930 709 2015 722 ·—

325 788 472 831 cum
517 765 734 830 subita
775 764 1109 830 incautum
1154 764 1476 829 dementia
1519 764 1690 849 cepit
1736 696 2086 850 {mantem‚

322 851 1330 1044 ξξὲἓῗὲῗῗέιὲἓέθῖῗῖιέῗῖἑᾞ
1375 852 2092 1025 ῗᾷἔῗὲἒὲθέἰιοᾛῗ
2333 958 2436 1007 490

322 1031 662 1095 immemor
703 1028 855 1093 heu!
901 1028 1235 1113 victusque
1282 1028 1481 1093 animi
1524 1029 1823 1113 respexit.
1895 1029 1990 1093 ibi
2038 1029 2246 1094 omnis

322 1119 561 1183 effusus
607 1117 794 1181 labor
838 1120 1030 1200 atque
1072 1116 1344 1181 immitis
1389 1121 1581 1201 rupta
1625 1116 1885 1201 tyranni

321 1205 607 1289 foedera,
652 1209 876 1288 terque
923 1205 1145 1290 fragor
1189 1204 1439 1291 stagnis
1487 1205 1744 1270 auditus
1790 1205 2082 1270 Avernis.

320 1293 517 1358 illa
531 1293 673 1376 quis
738 1297 804 1357 et
865 1292 998 1358 me'
1052 1292 1294 1378 inquit,
1358 1293 1690 1358 miseram
1728 1298 1819 1445 gt
1859 1298 1947 1446 lte
2009 1293 2313 1379 perdidit,

1783 1404 1859 1467 1'P
1908 1403 2014 1467 eut

324 1469 466 1553 quis
513 1472 732 1534 tantus
776 1468 1002 1534 furor?
1048 1490 1131 1534 en
1173 1469 1411 1534 iterum
1457 1470 1738 1536 crudelia
1781 1475 1955 1535 retro
2330 1486 2433 1536 495

320 1557 460 1622 fata
501 1562 761 1642 vocant,
806 1557 1148 1641 conditque
1192 1558 1491 1622 natantia
1533 1557 1779 1623 lumina
1823 1580 2105 1623 somnus.

320 1646 578 1728 iamque
623 1645 790 1709 vale:
836 1645 1010 1708 feror
1053 1645 1306 1728 ingenti
1353 1645 1746 1709 circumdata
1787 1650 1976 1710 nocte

321 1732 759 1815 invalidasque
804 1731 928 1796 tibi
973 1731 1269 1817 tendens,
1311 1731 1441 1795 heu
1483 1753 1617 1796 non
1660 1737 1800 1816 tua,
1842 1731 2146 1816 palmasl'

322 1819 484 1883 dixit
530 1824 596 1884 et
640 1839 718 1883 ex
764 1819 965 1883 oculis
1012 1819 1258 1905 subit0‚
1304 1841 1420 1884 ceu
1464 1819 1681 1884 fumus
1725 1783 1800 1882 in'
1841 1841 2028 1883 auras

321 1907 707 1974 commixtus
753 1911 1005 1992 tenues,
1048 1906 1220 1994 fugit
1266 1907 1543 1993 diversa,
1584 1929 1793 1992 neque
1836 1907 2050 1993 illum,
2330 1925 2433 1976 500

319 2001 731 2082 prensantem
773 1995 1165 2097 nequiquam
1209 1996 1473 2060 umbras
1519 1999 1584 2060 et
1629 1996 1835 2060 multa
1877 1995 2237 2061 volentem

321 2084 559 2168 dicere,
601 2088 935 2168 praeterea
977 2084 1165 2169 vidit,
1207 2106 1327 2149 nec
1371 2084 1651 2169 portitor
1696 2083 1845 2149 Orci

321 2172 597 2257 amplius
645 2172 966 2237 obiectam
1008 2194 1237 2256 passus
1284 2172 1561 2237 transire
1604 2173 1921 2257 paludem.

320 2261 473 2345 quid
516 2259 801 2325 faceret?
847 2281 973 2344 quo
1022 2282 1090 2325 se
1132 2264 1323 2346 rapta
1367 2260 1468 2325 bis
1513 2261 1787 2346 coniuge
1831 2260 2071 2325 ferret?

319 2370 480 2432 quos
526 2349 684 2413 fletu
728 2370 977 2432 maneS,
1022 2370 1185 2432 quae
1227 2349 1497 2412 numina
1540 2370 1695 2413 voce
1742 2349 2071 2413 moveret?
2330 2365 2431 2416 505

319 2373 461 2517 [qilla
506 2436 762 2519 quidem
810 2399 1041 2522 Stygia
1081 2437 1283 2500 nabat
1326 2436 1460 2499 iam
1502 2434 1740 2521 frigida
1784 2436 2058 2517 cumba]

320 2528 568 2608 septem
609 2523 796 2587 illum
840 2527 1017 2588 totos
1061 2522 1406 2607 perhibent
1447 2543 1527 2587 ex
1573 2524 1792 2588 ordine
1837 2545 2088 2589 menses

317 2633 475 2696 rupe
522 2610 642 2675 sub
692 2610 864 2674 aeria
908 2611 1145 2676 deserti
1190 2611 1272 2675 ad
1317 2608 1683 2696 Strymonis
1729 2612 1966 2675 undam

317 2699 570 2763 flevisse
617 2703 683 2763 et
729 2698 955 2784 gelidis
1000 2699 1161 2764 haec
1206 2699 1519 2765 evolvisse
1567 2700 1684 2765 sub
1733 2699 1936 2763 antris

317 2786 705 2852 mulcentem
748 2787 950 2872 tigres
998 2791 1063 2851 et
1108 2793 1407 2873 agentem
1454 2788 1732 2853 carmine
1779 2808 2077 2872 quercus3
2328 2804 2430 2853 510

318 2874 527 2959 qualis
573 2875 852 2960 populea
895 2897 1188 2941 maerens
1232 2875 1585 2960 philomela
1628 2876 1749 2940 sub
1794 2875 2025 2939 umbra

237 3001 247 3009 ·
317 2963 590 3028 amissos
640 2964 928 3047 queritur
970 2963 1170 3048 fetus,
1216 2985 1379 3048 quos
1423 2964 1620 3028 durus
1667 2966 1884 3027 arator

317 3051 665 3116 observans
710 3052 862 3116 nido
906 3051 1249 3136 implumes
1296 3051 1601 3136 detraxit3
1647 3056 1715 3115 at
1757 3051 1872 3115 illa

315 3140 428 3204 flet
469 3143 730 3205 noctem
774 3161 1081 3224 ramoque
1129 3140 1354 3204 sedens
1401 3139 1764 3204 miserabile
1812 3161 2069 3204 carmen

313 3227 599 3313 integrat
644 3230 712 3293 et
754 3228 1019 3292 maestis
1064 3228 1193 3292 late
1238 3227 1384 3292 loca
1428 3227 1762 3311 questibus
1806 3226 2050 3312 implet.
2325 3241 2428 3291 515

314 3314 493 3379 nulla
535 3315 785 3401 VenuS‚
828 3336 961 3381 non
1003 3316 1121 3380 ulli
1168 3316 1453 3381 animum
1498 3316 1729 3380 flexere
1774 3314 2128 3399 hymenaei.

316 3401 492 3467 solus
536 3402 989 3489 Hyperboreas
1039 3403 1275 3489 glacies
1322 3403 1718 3488 Tanaimque
1762 3401 2041 3467 nivalem

315 3512 591 3575 arvaque
636 3490 945 3576 Rhipaeis
990 3513 1344 3575 numquam
1388 3491 1651 3556 viduata
1693 3490 1941 3575 pruinis

312 3578 633 3644 lustrabat
677 3585 931 3665 raptam
976 3580 1341 3665 Eurydicen
1388 3584 1580 3664 atque
1623 3579 1821 3643 inrita
1865 3577 2039 3643 Ditis
