2673 3925
221 249 224 252 ’
338 234 422 297 50
955 232 1013 285 Ρ.
1043 230 1336 284 VERGILI
1374 230 1697 285 MARONIS

339 377 607 460 scilicet,
652 380 717 440 et
763 376 1033 461 grandes
1079 375 1269 438 ibunt
1311 397 1426 458 per
1470 376 1711 438 vimina
1757 379 2007 459 guttae3
2337 391 2452 438 245

210 463 225 482 ⁴
340 470 407 528 at
454 485 643 548 sapor
685 463 987 528 indicium
1037 463 1232 527 faciet
1277 462 1658 527 manifestus
1707 467 1771 526 et
1819 484 1931 526 ora

338 552 552 616 tristia
598 556 1030 635 temptantum
1077 573 1268 614 sensu
1314 551 1643 633 torquebit
1690 571 1957 613 amaror.

336 640 596 724 pinguis
641 640 798 703 item
845 661 1003 722 quae
1051 640 1136 702 sit
1181 638 1404 722 tellus,
1447 639 1570 702 hoc
1616 638 1884 720 denique
1929 642 2119 721 pacto

340 729 666 792 discimus:
712 728 882 791 haud
929 748 1232 810 umquam
1277 727 1574 790 manibus
1619 727 1860 790 iactata
1904 725 2175 809 fatiscit,

340 817 449 880 sed
494 815 655 899 picis
701 816 770 878 in
813 837 1057 879 morem
1104 815 1182 878 ad
1229 813 1467 899 digitos
1513 814 1810 878 lentescit
1854 814 2165 877 habend0.
2338 829 2450 877 250

338 904 556 968 umida
598 904 873 967 maiores
918 903 1148 967 herbas
1196 902 1342 985 alit,
1384 903 1649 986 ipsaque
1695 902 1867 965 iusto

337 992 583 1056 laetior.
657 1014 696 1054 a
737 991 1009 1053 nimium
1052 1012 1131 1054 ne
1179 990 1265 1053 sit
1311 990 1471 1053 mihi
1518 990 1748 1053 fertilis
1793 990 1931 1073 illa,

337 1103 454 1144 nec
501 1102 567 1144 se
611 1079 1039 1163 praevalidam
1084 1078 1309 1162 primis
1360 1078 1654 1141 ostendat
1700 1078 1938 1141 aristis!

341 1190 500 1251 quae
549 1167 760 1253 gravis
808 1172 933 1250 est,
977 1166 1119 1249 ipso
1167 1166 1435 1230 tacitam
1483 1189 1548 1230 se
1594 1167 1871 1249 pondere
1916 1164 2160 1249 prodit,

341 1277 624 1339 quaeque
651 1255 827 1319 levis
864 1259 1236 1338 promptum
1265 1258 1365 1317 est
1395 1254 1593 1318 oculis
1621 1253 2016 1338 praediscere
2044 1253 2318 1337 nigram,
2339 1268 2445 1316 255

339 1349 405 1409 et
452 1344 592 1426 quis
641 1343 743 1407 cui
791 1342 980 1407 color.
1056 1347 1123 1406 at
1169 1341 1548 1406 sceleratum
1596 1341 1924 1424 exquirere
1970 1341 2174 1426 frigus

340 1431 596 1495 difficile
644 1435 766 1495 est:
811 1430 1028 1513 piceae
1076 1434 1329 1492 tantum
1376 1430 1634 1511 taxique
1680 1433 1983 1493 nocentes

337 1520 658 1584 interdum
704 1523 816 1581 aut
860 1517 1128 1600 hederae
1172 1517 1462 1601 pandunt
1506 1517 1781 1601 vestigia
1822 1516 2061 1602 nigrae.

425 1607 546 1671 His
594 1605 1070 1683 animadversis,
1096 1610 1334 1669 terram
1381 1605 1584 1670 multo
1633 1609 1779 1668 ante
1826 1609 2146 1669 memento

340 1716 689 1778 excoquere
714 1698 801 1766 ,et
846 1714 1114 1779 magnos
1162 1693 1495 1757 scrobibus
1543 1694 1870 1759 concidere
1916 1698 2196 1776 montes,
2341 1708 2443 1756 260

342 1788 487 1848 ante
536 1782 866 1866 supinatas
915 1781 1199 1864 aquiloni
1247 1782 1577 1845 ostendere
1626 1781 1886 1866 glaebas
1897 1833 1915 1865 ,
2219 1780 2226 1787 ’
2438 1784 2446 1792 ’

342 1895 532 1956 quam
576 1871 815 1935 laetum
861 1869 1138 1933 infodias
1184 1869 1334 1933 vitis
1386 1891 1602 1953 genus.
1679 1870 1922 1953 optima
1965 1869 2140 1952 putri

342 1984 493 2025 arva
538 1959 701 2024 solo:
747 1959 814 2022 id
858 1958 1033 2022 venti
1080 1962 1304 2022 curant
1353 1957 1724 2042 gelidaeque
1768 1957 2033 2042 pruinae

341 2054 406 2112 et
450 2048 769 2111 labefacta
813 2068 1074 2110 movens
1122 2047 1428 2109 robustus
1472 2046 1698 2130 iugera
1742 2046 1967 2109 fossor.

343 2159 415 2201 ac
463 2135 517 2199 si
565 2156 724 2217 quos
770 2134 940 2197 haud
987 2134 1120 2196 ulla
1164 2133 1335 2196 viros
1382 2133 1720 2217 vigilantia
1764 2134 1961 2218 fugit,
2340 2148 2440 2197 265

343 2228 489 2288 ante
533 2222 747 2286 locum
794 2220 1065 2285 similem
1113 2222 1481 2303 exquirunt,
1526 2221 1638 2284 ubi
1682 2221 1891 2304 prima
1933 2225 2196 2304 paretur

344 2311 678 2376 arboribus
728 2331 909 2394 seges
957 2313 1021 2373 et
1069 2330 1193 2392 quo
1240 2331 1391 2373 mox
1437 2309 1687 2394 digesta
1730 2309 2005 2393 feratur,

342 2404 658 2464 mutatam
702 2398 1004 2484 ignorent
1050 2397 1265 2460 subito
1309 2419 1390 2461 ne
1439 2398 1683 2461 semina
1727 2402 2013 2461 matrem.

344 2488 496 2571 quin
543 2486 739 2551 etiam
786 2486 943 2550 caeli
989 2485 1316 2570 regionem
1363 2485 1433 2548 in
1480 2485 1715 2550 cortice
1763 2486 2049 2571 signant,

341 2581 441 2659 ut,
488 2596 613 2658 quo
662 2595 947 2657 quaeque
993 2574 1181 2636 modo
1230 2573 1510 2657 steterit,
1557 2595 1684 2656 qua
1726 2579 1907 2657 parte
1956 2573 2196 2637 calores
2342 2588 2436 2636 270

344 2663 665 2727 austrinos
712 2662 961 2746 tulerit,
1009 2684 1169 2745 quae
1216 2666 1402 2746 terga
1448 2662 1796 2725 obverterit
1844 2661 1976 2744 axi,

341 2751 714 2835 restituant3
760 2750 915 2814 adeo
960 2750 1030 2812 in
1074 2750 1310 2813 teneris
1360 2771 1768 2814 consuescere
1815 2748 2088 2813 multum
2136 2752 2251 2812 est.

344 2839 613 2903 collibus
663 2861 743 2901 an
787 2839 979 2921 plano
1027 2837 1253 2901 melius
1303 2838 1389 2900 sit
1433 2859 1668 2921 ponere
1713 2837 1940 2920 vitem,

344 2949 574 3011 quaere
620 2927 813 3010 priuS.
888 2926 942 2989 si
987 2925 1247 3009 pinguis
1296 2947 1485 3010 agros
1533 2926 1855 2990 metabere
1903 2926 2138 3009 campi,

345 3018 540 3080 densa
584 3036 748 3098 sere3
791 3013 860 3077 in
906 3014 1100 3077 denso
1146 3035 1279 3076 non
1325 3014 1582 3099 segnior
1627 3014 1819 3076 ubere
1864 3012 2183 3096 Bacchus;
2345 3028 2434 3075 ‘275

346 3104 445 3168 sin
490 3102 756 3166 tumulis
804 3101 1046 3175 adclive
1095 3101 1302 3165 solum
1350 3102 1669 3184 collesque
1718 3101 1981 3185 supinos
1993 3153 2009 3185 ,

342 3190 603 3274 indulge
653 3189 1007 3273 ordinibus,
1050 3211 1169 3253 nec
1215 3190 1416 3253 setius
1465 3190 1670 3253 omnis
1716 3190 1784 3252 in
1829 3211 2110 3274 unguem

346 3278 683 3342 arboribus
728 3277 960 3361 positis
1009 3281 1183 3341 secto
1231 3278 1335 3342 via
1380 3278 1587 3342 limite
1637 3279 1919 3362 quadret.

346 3372 419 3429 ut
466 3388 652 3449 saepe
696 3365 946 3449 ingenti
992 3365 1162 3428 bello
1210 3388 1354 3429 cum
1399 3367 1596 3451 longa
1642 3365 1937 3429 cohortes

346 3454 652 3538 explicuit
696 3454 866 3538 legio
916 3457 980 3517 et
1026 3476 1249 3537 campo
1298 3455 1480 3518 stetit
1527 3475 1758 3538 agmen
1804 3457 2024 3537 aperto
2037 3505 2052 3537 ,
2343 3467 2436 3515 280

346 3543 744 3626 directaeque
792 3541 985 3626 acieS,
1008 3565 1105 3606 ·ac
1150 3542 1279 3606 late
1325 3543 1598 3606 fluctuat
1645 3542 1850 3605 omnis
