2673 3925
942 252 1364 309 GEORGICON
1401 252 1536 308 LIB.
1575 253 1667 308 IV.
2220 255 2256 318 7
2262 257 2301 319 9

286 396 357 460 in
400 400 658 461 noctem
703 397 1034 481 fessosque
1082 419 1277 482 sopor
1323 420 1477 462 suus
1527 402 1798 483 occupat
1844 404 2037 463 artus,
2307 418 2405 465 190

286 507 406 549 nec
451 507 602 549 vero
651 508 689 548 a
734 485 1007 549 stabulis
1043 487 1265 570 pluvia
1306 486 1715 570 impendente
1762 489 2066 552 recedunt

286 573 546 659 longius
594 578 706 637 aut
751 574 1018 638 credunt
1064 574 1239 638 caelo
1287 575 1782 639 adventantibus
1828 576 1997 640 euris
2007 628 2024 660 ,

290 663 400 725 sed
447 662 687 726 circum
731 666 910 726 tutae
959 662 1077 725 sub
1125 663 1462 726 moenibus
1507 663 1687 727 urbis
1736 669 2079 749 aquantur,

289 772 715 835 excursusque
763 751 987 813 breves
1034 754 1357 835 temptant
1401 755 1467 815 et
1513 773 1701 836 saepe
1746 752 2034 837 lapillos,

285 843 361 902 ut
408 839 673 903 cumbae
719 838 1057 902 instabiles
1105 839 1307 903 fluctu
1352 839 1633 903 iactante
1681 841 2041 925 saburram,
2304 858 2402 906 195

286 926 553 1011 tollunt,
597 926 700 990 his
750 948 888 990 sese
932 949 1050 1011 per
1092 926 1314 990 inania
1357 927 1582 991 nubila
1624 927 1882 992 librant.

285 1015 470 1078 illum
517 1016 675 1079 adeo
720 1015 1040 1098 placuisse
1089 1016 1318 1100 apibus
1366 1016 1681 1080 mirabere
1729 1039 1999 1102 morem,

288 1105 458 1186 quod
502 1124 710 1186 neque
759 1102 1106 1168 concubitu
1151 1103 1490 1189 indulgent
1533 1126 1651 1168 nec
1699 1127 1968 1189 corpora
2013 1127 2242 1191 segnes

284 1191 356 1255 in
398 1191 718 1256 Venerem
764 1192 1024 1256 solvunt
1070 1196 1182 1256 aut
1227 1191 1400 1255 fetus
1446 1192 1704 1257 nixibus
1752 1194 1970 1256 edunt:

287 1301 509 1344 verum
553 1279 730 1364 ipsae
777 1301 811 1343 e
857 1280 1032 1344 foliis
1076 1284 1267 1344 natos
1277 1331 1294 1364 ‚
1341 1302 1375 1344 e
1422 1281 1724 1345 suavibus
1770 1281 1988 1346 herbis
2148 1323 2151 1326 ·
2301 1300 2403 1349 200

288 1389 396 1432 ore
441 1368 694 1453 legunt,
736 1366 915 1452 ipsae
960 1389 1179 1454 regem
1223 1390 1582 1453 parvosque
1629 1367 1910 1444 Quirites

288 1455 620 1520 sufficiunt
667 1455 972 1540 aulasque
1020 1461 1086 1521 et
1132 1479 1314 1521 cerea
1358 1479 1560 1542 regna
1601 1459 1899 1543 refigunt.

286 1567 476 1630 saepe
523 1545 721 1609 etiam
767 1545 942 1609 duris
989 1546 1258 1610 errando
1304 1545 1377 1609 in
1422 1546 1675 1609 cotibus
1725 1545 1858 1610 alas

287 1634 590 1698 attrivere
636 1633 936 1717 ultroque
985 1633 1268 1696 animam
1314 1633 1434 1695 sub
1481 1633 1653 1696 fasce
1702 1633 1952 1697 dedere:

284 1726 506 1786 tantus
554 1741 735 1784 amor
778 1719 1011 1784 florum
1058 1725 1124 1783 et
1171 1719 1516 1804 generandi
1562 1720 1769 1805 gloria
1814 1721 2039 1784 mellis,
2219 1770 2223 1774 Δ
2300 1740 2401 1790 205

287 1832 441 1896 ergo
487 1809 663 1893 ipsas
712 1807 1003 1890 quamvis
1052 1807 1312 1892 angusti
1359 1807 1671 1871 terminus
1719 1808 1858 1871 aevi
2239 1810 2242 1813 ’
2287 1854 2288 1857 ,

286 1897 564 1984 excipiat
601 1932 685 1942 —
721 1917 928 1979 neque
967 1895 1138 1959 enim
1138 1859 1320 1981 ὃΡΙιιε
1359 1895 1635 1981 septima
1672 1896 1925 1960 ducitur
1962 1900 2171 1962 aestas
2210 1935 2296 1945 —

287 1993 355 2052 at
402 2009 602 2073 genus
646 1985 1012 2049 immortale
1060 1989 1277 2049 manet
1322 1985 1687 2068 multosque
1733 2008 1849 2070 per
1896 2006 2097 2051 annos

285 2081 419 2142 stat
463 2076 727 2140 fortuna
772 2074 999 2137 domus
1048 2078 1114 2137 et
1161 2074 1262 2138 avi
1306 2078 1728 2137 numerantur
1775 2095 2055 2138 avorum.

281 2169 616 2251 praeterea
659 2184 879 2247 regem
922 2184 1056 2226 non
1102 2162 1193 2226 sic
1237 2161 1577 2248 Aegyptus
1624 2167 1689 2226 et
1733 2163 1962 2248 ingens
2299 2183 2400 2231 210

282 2253 489 2338 Lydia
531 2274 650 2317 nec
695 2251 919 2336 populi
963 2250 1355 2315 Parthorum
1401 2255 1512 2315 aut
1557 2250 1784 2315 Medus
1830 2250 2168 2336 Hydaspes

286 2343 648 2407 observant.
721 2362 871 2426 rege
916 2339 1226 2404 incolumi
1272 2361 1453 2404 mens
1502 2340 1801 2403 omnibus
1848 2362 1975 2403 una
2021 2345 2145 2426 est3

286 2431 524 2495 amisso
572 2450 800 2512 rupere
846 2429 1039 2491 fidem
1087 2432 1581 2509 constructaque
1628 2427 1820 2491 mella

286 2518 605 2602 diripuere
648 2517 826 2600 ipsae
875 2520 940 2579 et
987 2520 1194 2580 crates
1243 2515 1488 2579 solvere
1534 2515 1845 2579 favorum.

283 2607 394 2670 ille
442 2627 707 2689 operum
754 2607 1001 2687 custos,
1044 2603 1229 2667 illum
1276 2602 1676 2667 admirantur
1722 2608 1788 2668 et
1834 2626 2054 2668 omnes
2297 2623 2399 2671 215

286 2694 706 2759 circumstant
749 2691 1013 2755 fremitu
1059 2692 1254 2755 denso
1302 2691 1670 2776 stipantque
1715 2693 2081 2775 frequentes

286 2787 352 2847 et
400 2803 587 2866 saepe
635 2780 943 2844 attollunt
987 2780 1226 2843 umeris
1273 2784 1339 2844 et
1385 2802 1654 2865 corpora
1699 2780 1869 2845 bello

288 2870 617 2935 obiectant
660 2868 1120 2954 pulchramque
1165 2872 1396 2951 petunt
1441 2891 1555 2952 per
1599 2869 1865 2933 vulnera
1911 2873 2202 2933 mortem.

373 2958 496 3022 His
545 2957 804 3041 quidam
850 2956 1052 3043 signis
1101 2960 1292 3039 atque
1335 2956 1496 3021 haec
1534 2956 1825 3041 exempla
1867 2958 2073 3021 secuti

285 3070 425 3112 esse
473 3047 702 3131 apibus
747 3050 996 3130 partem
1043 3045 1293 3109 divinae
1340 3046 1575 3109 mentis
1623 3050 1688 3109 et
1732 3045 2002 3110 haustus
2297 3064 2399 3113 220

287 3136 607 3200 aetherios
655 3134 894 3219 dixere3
940 3135 1129 3198 deum
1173 3154 1450 3216 namque
1494 3134 1586 3197 ire
1632 3155 1747 3218 per
1794 3156 2014 3199 omnes

285 3228 618 3308 terrasque
665 3226 1038 3306 tractusque
1084 3222 1278 3286 maris
1328 3221 1699 3305 caelumque
1744 3222 2151 3307 profundum.

285 3311 437 3376 hinc
508 3312 810 3396 pecudes,
883 3315 1198 3395 armenta,
1269 3310 1470 3395 virOS‚
1542 3331 1743 3395 genus
1819 3332 2003 3374 omne
2077 3311 2237 3375 fera-

1639 3422 1810 3484 rum,

287 3510 600 3572 quemque
648 3489 773 3552 sibi
818 3493 1041 3552 tenues
1085 3491 1457 3552 nascentem
1503 3509 1819 3552 arcessere
1865 3486 2058 3572 vitas;

285 3577 533 3643 scilicet
578 3576 716 3641 huc⁴
747 3577 925 3641 reddi
972 3577 1195 3641 deinde
1243 3598 1316 3640 ac
1361 3575 1647 3640 resoluta
1690 3574 1914 3639 referri
2297 3591 2399 3640 225
