2673 3925
365 271 451 335 36
677 288 682 293 ’
979 272 1038 325 Ρ.
1060 269 1354 325 VERGILI
1391 267 1715 325 MARONIS

365 437 609 499 nosque
655 415 767 479 ubi
812 414 1057 499 primus
1104 413 1284 497 equis
1332 413 1560 478 Oriens
1607 415 1868 478 adflavit
1915 414 2188 498 anhelis,
2368 432 2483 482 250

365 504 498 568 11118
542 525 686 567 sera
729 502 961 567 rubens
1009 503 1297 567 accendit
1342 502 1585 566 lumina
1630 524 1870 586 vesper.

366 592 515 656 hinc
560 595 978 676 tempestates
1026 590 1219 654 dubio
1264 591 1661 675 praediscere
1709 590 1885 654 caelo

366 701 741 764 possumus,
783 678 933 743 hinc
979 680 1331 761 messisque
1381 677 1548 742 diem
1594 682 1974 762 tempusque
2023 678 2301 764 serendi,

368 771 433 831 et
481 768 733 850 quando
778 768 1046 831 infidum
1092 768 1283 831 remis
1328 766 1657 851 impellere
1703 787 1985 830 marmor

370 855 731 940 conveniat,
775 855 1029 939 quando
1077 859 1355 938 armatas
1402 855 1709 919 deducere
1757 855 2021 938 classes,
2107 933 2113 940 ,
2367 874 2477 923 255

367 948 480 1007 aut
524 944 974 1027 tempestivam
1020 943 1198 1006 silvis
1244 947 1526 1007 evertere
1572 942 1810 1027 pinum.

456 1030 591 1096 Nec
636 1032 880 1096 frustra
924 1029 1256 1116 signorum
1303 1031 1520 1094 obitus
1568 1031 1971 1114 speculamur
2016 1034 2083 1094 et
2128 1035 2338 1115 ortus,

367 1119 890 1203 temporibusque
936 1141 1155 1202 parem
1199 1119 1466 1183 diversis
1514 1123 1820 1202 quattuor
1867 1141 2120 1183 annum.

366 1207 638 1292 frigidus
686 1206 1035 1292 agricolam
1080 1207 1135 1271 si
1183 1207 1436 1290 quando
1483 1206 1771 1272 continet
1814 1207 2048 1291 imber,

368 1295 601 1379 multa,
645 1295 858 1359 forent
905 1316 1065 1378 quae
1108 1300 1259 1379 post
1306 1295 1482 1359 caelo
1528 1296 1928 1380 properanda
1974 1316 2227 1379 sereno,
2368 1314 2475 1364 260

367 1387 687 1447 maturare
735 1384 947 1447 datur:
995 1383 1223 1446 durum
1267 1383 1565 1467 procudit
1613 1388 1830 1447 arator

367 1471 642 1535 vomeris
689 1470 950 1535 obtunsi
996 1471 1279 1555 dentem,
1325 1475 1510 1535 cavat
1556 1471 1783 1535 arbore
1828 1471 2084 1556 lintreS,

369 1563 482 1623 aut
527 1558 741 1642 pecori
788 1558 1045 1644 signum
1091 1562 1203 1621 aut
1247 1579 1546 1623 numeros
1592 1558 1919 1643 impressit
1965 1559 2223 1624 acervis.

365 1650 687 1710 exacuunt
731 1646 842 1710 alii
886 1646 1088 1721 vallos
1134 1646 1472 1729 furcasque
1518 1646 1810 1711 bicornes

367 1738 561 1818 atque
606 1734 915 1798 Amerina
957 1738 1187 1819 parant
1231 1734 1442 1798 lentae
1488 1735 1842 1799 retinacula
1887 1735 2020 1799 viti.
2366 1754 2476 1804 265

367 1845 536 1887 nunc
581 1822 790 1887 facilis
835 1823 1033 1886 rubea
1076 1826 1335 1887 texatur
1379 1822 1606 1887 fiscina
1649 1823 1858 1909 virga,

365 1933 537 1976 nunc
583 1915 821 1976 torrete
867 1910 1007 1996 igni
1051 1909 1299 1997 fruges,
1343 1932 1514 1977 nunc
1559 1910 1840 1997 frangite
1891 1932 2064 1976 88110.

367 2000 605 2084 quippe
651 1999 847 2063 etiam
892 1999 1075 2063 festis
1124 2000 1433 2100 quaedam
1480 2022 1767 2065 exercere
1816 2000 2039 2065 diebus

366 2088 466 2151 fas
516 2091 579 2151 et
625 2086 768 2150 iura
813 2088 1057 2150 sinunt·
1103 2088 1276 2152 rivos
1323 2088 1617 2152 diducere
1663 2089 1842 2152 nulla

368 2174 596 2259 religio
642 2175 876 2258 vetuit,
922 2175 1126 2260 segeti
1171 2176 1585 2259 praetendere
1632 2197 1916 2260 saepem,
2369 2193 2474 2244 270

367 2262 633 2326 insidias
680 2262 905 2327 avibus
951 2262 1192 2346 moliri,
1235 2263 1570 2327 incendere
1615 2285 1867 2349 vepres,

298 2389 307 2406 .·
368 2350 826 2434 balantumque
873 2371 1132 2436 gregem
1175 2314 1375 2414 'fluvio
1420 2373 1699 2415 mersare
1746 2352 2004 2416 salubri.

370 2460 558 2522 saepe
605 2438 747 2503 oleo
793 2438 962 2502 tardi
1008 2443 1220 2503 costas
1269 2439 1553 2525 agitator
1599 2439 1779 2504 888111

368 2527 603 2591 vilibus
652 2530 764 2591 aut
810 2532 1033 2591 onerat
1076 2527 1315 2612 pomis,
1360 2528 1762 2611 lapidemque
1807 2532 2132 2593 revertens

367 2614 662 2679 incusum
709 2618 822 2679 aut
867 2619 1042 2679 atrae
1088 2637 1367 2679 massam
1411 2615 1573 2700 picis
1620 2617 1776 2681 urbe
1823 2621 2127 2701 reportat.
2217 2640 2225 2650 ·
2370 2633 2474 2683 275

457 2702 608 2786 Ipsa
654 2703 788 2766 dies
835 2702 996 2766 alios
1044 2703 1170 2765 alio
1218 2703 1394 2767 dedit
1441 2704 1659 2768 ordine
1705 2704 1890 2768 Luna

371 2790 586 2855 felices
635 2811 914 2874 operum.
962 2790 1253 2874 quintam
1298 2791 1477 2876 fuge:
1523 2792 1799 2875 pallidus
1847 2791 2048 2856 Orcus

370 2878 886 2962 Eumenidesque
933 2882 1137 2964 satae3
1182 2884 1322 2943 tum
1369 2884 1558 2962 partu
1604 2879 1801 2943 Terra
1844 2880 2119 2944 nefando

371 2964 735 3049 Coeumque
781 2966 1199 3051 Iapetumque
1246 2971 1419 3031 creat
1466 2989 1850 3050 saevumque
1896 2968 2201 3052 Typhoea

370 3058 436 3118 et
480 3054 848 3118 coniuratos
895 3055 1143 3119 caelum
1187 3056 1545 3119 rescindere
1591 3055 1839 3120 fratres
2372 3075 2475 3125 280

369 3145 470 3207 ter
516 3146 666 3206 sunt
713 3143 928 3206 conati
972 3142 1300 3227 imponere
1348 3143 1526 3207 Pelio
1575 3143 1804 3208 Ossam

367 3230 618 3295 scilicet
663 3235 855 3314 atque
904 3229 1101 3295 Ossae
1147 3231 1524 3295 frondosum
1568 3229 1891 3296 involx'rere
1939 3230 2312 3317 Olympum3

366 3323 469 3383 ter
512 3323 697 3403 pater
742 3323 1104 3383 exstructos
1152 3319 1405 3383 disiecit
1450 3320 1716 3384 fulmine
1763 3324 2032 3384 montes,

369 3408 646 3491 septima
689 3411 838 3491 post
885 3407 1196 3471 decimam
1241 3408 1395 3471 felix
1443 3412 1507 3472 et
1553 3429 1788 3491 ponere
1836 3408 2034 3472 vitem

369 3500 434 3559 et
480 3517 746 3579 prensos
793 3495 1106 3560 domitare
1152 3497 1350 3561 boves
1398 3500 1461 3560 et
1506 3496 1655 3560 licia
1704 3496 1865 3560 telae
2373 3514 2478 3564 285

372 3584 626 3670 addere3
669 3605 842 3648 nona
886 3583 1077 3670 fugae
1125 3585 1380 3670 melior,
1426 3583 1748 3647 contraria
1791 3583 2000 3647 furtis.
