2673 3925
916 253 1332 311 eanfflcoN
1370 254 1503 311 ms.
1541 255 1606 311 11.
1912 215 1915 218 ⁷
2108 251 2113 252 *
2185 255 2269 320 47

265 399 385 463 flos
433 393 513 463 ad
555 399 767 484 prima
810 404 1028 485 tena13
1075 399 1322 464 animas
1370 404 1435 465 et
1481 399 1721 463 olentia
1764 397 1936 463 Medi
2061 399 2067 405 ’

267 508 380 551 013
422 486 645 571 fovent
687 487 801 551 illo
849 492 916 553 et
960 488 1219 553 senibus
1265 487 1664 552 medicantur
1710 486 1972 551 anhelis,
2278 504 2377 553 135

356 574 481 639 Sed
524 597 731 659 neque
776 574 1111 640 Medorum
1158 576 1355 640 silvae
1402 575 1722 640 ditissima
1765 580 1966 659 terra,

265 685 382 727 nec
425 663 693 748 pulcher
740 662 996 749 Ganges
1043 667 1236 747 atque
1280 685 1439 727 auro
1485 663 1779 728 turbidus
1825 662 2105 728 Hermus

265 751 561 815 laudibus
607 751 835 815 Italiae
881 754 1156 835 certent,
1198 773 1332 816 non
1377 750 1614 816 Bactra
1655 773 1861 834 neque
1907 750 2051 815 Indi

266 843 531 923 totaque
577 839 862 904 turiferis
907 838 1233 904 Panchaia
1276 840 1538 924 pinguis
1583 839 1855 904 harenis.

263 927 424 992 haec
469 927 612 992 loca
652 948 787 991 non
830 927 1001 991 tauri
1047 927 1364 1028 spirantes
1410 927 1674 992 naribus
1720 928 1939 1012 ignem
2274 945 2374 993 140

264 1016 581 1080 invertere
627 1015 787 1079 satis
832 1016 1132 1080 immanis
1179 1016 1478 1080 dentibus
1524 1014 1762 1100 hydri,

264 1125 381 1167 nec
429 1103 630 1189 galeis
677 1103 1015 1187 densisque
1060 1104 1270 1167 virum
1315 1125 1498 1189 seges
1544 1067 1798 1167 horruit
1840 1102 2077 1188 hastiS,

265 1192 377 1255 sed
423 1192 721 1277 gravidae
766 1191 983 1277 fruges
1030 1196 1095 1256 et
1139 1190 1379 1256 Bacchi
1424 1190 1738 1255 Massicus
1785 1212 1970 1256 umor

264 1279 635 1364 implevere3
680 1284 902 1345 tenent
948 1280 1122 1343 oleae
1169 1283 1581 1362 armentaque
1626 1278 1813 1343 laeta.

263 1368 414 1431 hinc
459 1368 735 1454 bellator
780 1389 980 1451 equus
1027 1389 1254 1452 campo
1302 1389 1440 1433 sese
1488 1368 1720 1431 arduus
1765 1366 2372 1451 infert,145
2478 1449 2492 1458 β

263 1455 416 1520 111110
461 1455 620 1541 albi,
665 1453 1015 1540 Clitumne,
1061 1477 1289 1542 greges
1336 1461 1403 1521 et
1448 1455 1728 1521 maxima
1772 1459 1995 1520 taurus

268 1543 558 1629 victima,
602 1566 791 1628 saepe
837 1550 967 1608 tuo
996 1543 1240 1628 perfusi
1284 1544 1549 1609 flumine
1594 1566 1805 1628 sacre,

265 1630 593 1696 Romanos
641 1632 721 1696 ad
765 1631 1007 1716 templa
1051 1632 1239 1696 deum
1284 1633 1518 1696 duxere
1563 1632 1942 1716 triumphos.

266 1720 371 1785 hic
417 1717 528 1786 ver
574 1719 910 1785 adsiduum
956 1724 1148 1802 atque
1195 1720 1420 1783 alienis
1467 1719 1794 1784 mensibus
1842 1725 2080 1803 aestas;

266 1808 366 1872 bis
415 1808 715 1894 gravidae
760 1808 1033 1892 pecudes
1045 1842 1063 1892 ,·
1106 1807 1208 1871 bis
1254 1807 1466 1892 pomis
1511 1807 1946 1871 utilisarboS.
2232 1875 2235 1878 ,
2270 1825 2371 1874 150

268 1900 334 1960 at
378 1896 639 1960 rabidae
686 1896 887 1982 tigres
935 1896 1170 1960 absunt
1215 1901 1280 1960 et
1326 1917 1517 1960 saeva
1560 1895 1818 1959 leonum

268 1985 512 2049 semina
554 2007 672 2049 nec
717 1985 985 2050 miseros
1031 1984 1266 2048 fallunt
1312 1984 1568 2049 aconita
1611 1983 1898 2069 legentes

266 2094 382 2138 nec
425 2073 597 2158 rapit
642 2073 989 2138 immensos
1037 2073 1222 2137 orbes
1267 2095 1383 2158 per
1424 2073 1693 2136 humum
1736 2093 1942 2155 neque
1987 2076 2170 2137 tanto

268 2183 608 2244 squameus
650 2161 723 2225 in
769 2161 1008 2246 spiram
1053 2165 1266 2226 tractu
1312 2183 1381 2245 se
1427 2160 1678 2246 colligit
1723 2160 1968 2245 anguis.

269 2250 423 2313 adde
470 2253 572 2314 tot
617 2249 908 2335 egregias
955 2250 1145 2314 urbes
1194 2271 1583 2333 operumque
1629 2249 1943 2333 laborem,
2246 2265 2371 2321 155

266 2341 367 2401 tot
412 2340 722 2423 congesta
764 2359 959 2401 manu
1002 2338 1365 2422 praeruptis
1414 2337 1648 2422 oppida
1692 2336 1862 2401 saxis

265 2425 655 2508 fluminaque
703 2425 1003 2508 antiquos
1052 2425 1558 2489 subterlabentia
1603 2446 1837 2488 muros

268 2535 350 2577 an
384 2535 579 2598 mare,
615 2513 786 2597 quod
823 2535 1032 2598 supra,
1069 2534 1444 2596 memorem,
1482 2512 1776 2612 quodque
1816 2512 2018 2576 adluit
2052 2511 2266 2615 infra?

268 2622 428 2665 anne
473 2601 651 2665 lacus
699 2601 964 2666 tantos?
1008 2605 1103 2684 te,
1146 2599 1298 2664 Lari
1344 2599 1646 2683 maxime,
1690 2604 1880 2682 teque

266 2688 568 2753 fluctibus
615 2694 682 2754 et
724 2689 988 2753 fremitu
1034 2652 1385 2773 adsurgens
1429 2687 1680 2752 Benace
1725 2688 2019 2752 marino?
2273 2705 2370 2753 160

268 2799 350 2840 an
393 2797 742 2841 memorem
786 2782 1009 2862 portus
1055 2775 1461 2859 Lucrinoque
1507 2777 1724 2841 addita
1768 2776 2047 2840 claustra

268 2869 458 2947 atque
502 2865 910 2950 indignatum
956 2864 1207 2948 magnis
1255 2864 1639 2929 stridoribus
1686 2885 1952 2948 aequor,

265 2951 433 3015 Iulia
479 2974 606 3035 qua
649 2956 851 3037 ponto
896 2953 1089 3038 longe
1136 2958 1324 3017 sonat
1369 2953 1540 3016 unda
1584 2953 1797 3016 refuso

267 3039 758 3124 Tyrrhenusque
802 3041 985 3105 fretis
1030 3040 1409 3104 immittitur
1453 3044 1667 3105 aestus
1712 3039 2030 3104 Avernis‘?

265 3126 421 3194 haec
468 3129 688 3193 eadem
734 3129 985 3214 argenti
1030 3128 1202 3193 rivos
1250 3128 1539 3212 aerisque
1585 3127 1845 3192 metalla
2269 3144 2369 3193 165

267 3216 548 3280 ostendit
593 3216 771 3281 venis
818 3222 1010 3299 atque
1057 3238 1211 3280 auro
1257 3216 1536 3300 plurima
1579 3216 1782 3280 fluxit.

264 3302 422 3368 haec
470 3325 671 3390 genus
719 3326 861 3369 acre
907 3304 1143 3388 virum,
1186 3303 1437 3368 Marsos
1481 3304 1842 3388 pubemque
1890 3301 2220 3373 Sabellam

266 3392 727 3475 adsuetumque
772 3393 942 3456 malo
988 3392 1294 3476 Ligurem
1340 3391 1738 3475 Volscosque
1784 3396 2042 3455 verutos

266 3479 523 3563 extulit,
565 3479 724 3545 11300
769 3480 1031 3563 DeciOS,
1076 3480 1316 3544 Marios
1364 3501 1759 3564 magnosque
1806 3476 2139 3564 Caminos,

267 3566 595 3652 Scipiadas
644 3568 835 3632 duros
881 3569 1051 3632 bello
1100 3573 1164 3632 et
1210 3572 1302 3653 te,
1347 3569 1620 3633 maxime
1669 3566 1928 3651 Caesar,
2268 3584 2366 3632 170
