2673 3925
977 278 1403 334 GEORGICON
1438 278 1570 333 LIB.
1610 278 1705 332 ΙΙΙ.
2257 279 2341 342 69

339 424 480 508 ipse
525 447 720 489 manu
766 424 1113 507 salsasque.
1140 423 1309 487 ferat
1352 423 1769 507 praesepibus
1814 421 2065 486 herbas.
2346 435 2447 486 395

340 514 492 585 hinc
538 517 604 576 et
649 517 867 577 amant
910 512 1144 577 fluvios
1190 512 1399 597 magis
1446 515 1513 576 et
1556 511 1765 597 magis
1812 513 2011 575 ubera
2055 511 2328 574 tendunt

343 605 410 665 et
454 601 607 665 salis
655 601 979 666 occultum
1023 601 1311 665 referunt
1354 599 1425 663 in
1468 600 1637 664 lacte
1683 621 1994 683 saporem.

342 688 534 753 multi
575 689 706 753 iam
751 693 1041 754 excretos
1077 688 1425 773 prohibent
1469 711 1509 752 a
1552 688 1867 752 matribus
1911 687 2151 752 haedos

340 777 674 862 primaque
718 777 976 842 ferratis
1022 778 1389 862 praefigunt
1435 798 1548 840 ora
1592 776 1909 860 capistris,

345 866 515 949 quod
561 870 864 951 surgente
912 865 1013 929 die
1059 865 1335 929 mulsere
1381 865 1684 949 horisque
1731 864 2002 948 diurnis,
2344 879 2451 927 400

341 960 532 1019 nocte
578 959 905 1039 premunt3
952 955 1124 1037 quod
1166 954 1299 1017 iam
1343 952 1629 1017 tenebris
1675 957 1741 1016 et
1787 952 1920 1016 sole
1968 953 2259 1037 cadente,

344 1044 462 1108 sub
508 1043 720 1107 lucem
766 1047 1110 1126 exportans
1158 1041 1431 1106 calathis
1480 1041 1615 1105 adit
1660 1041 1897 1126 oppida
1938 1045 2189 1126 pastor3

343 1136 456 1196 aut
498 1152 695 1216 parco
743 1131 875 1194 sale
922 1131 1354 1215 continguunt
1396 1129 1718 1212 hiemique
1764 1133 2099 1213 reponunt.

429 1217 568 1283 Nec
613 1218 738 1282 tibi
785 1241 936 1283 cura
981 1241 1211 1283 canum
1256 1217 1454 1282 fuerit
1497 1223 1853 1303 postrema,
1898 1219 2007 1281 sed
2051 1240 2181 1282 una

341 1308 593 1372 veloces
642 1305 911 1392 Spartae
958 1306 1207 1372 catulos
1255 1328 1589 1391 acremque
1637 1305 1996 1370 Molossum
2348 1317 2450 1367 405

342 1418 532 1481 pasce
579 1400 721 1459 sero
767 1396 1012 1481 pingui.
1055 1417 1410 1478 numquam
1456 1394 1829 1466 custodibus
1874 1394 2004 1457 illis

341 1488 730 1549 nocturnum
773 1485 1047 1548 stabulis
1093 1485 1302 1548 furem
1346 1484 1767 1566 incursusque
1811 1482 2112 1567 luporum

344 1577 457 1638 aut
497 1573 858 1657 impacatos
905 1595 944 1636 a
987 1577 1173 1658 tergo
1219 1572 1513 1636 horrebis
1558 1571 1856 1635 Hiberos,

344 1683 532 1745 saepe
579 1660 776 1725 etiam
823 1683 1014 1725 cursu
1060 1660 1323 1723 timidos
1372 1659 1651 1744 agitabis
1699 1679 1977 1742 onagros

345 1753 410 1813 et
455 1747 722 1813 canibus
766 1748 1079 1831 leporem,
1125 1747 1391 1811 canibus
1436 1746 1749 1810 venabere
1796 1746 2110 1830 dammas3
2349 1761 2451 1808 410

346 1857 534 1919 saepe
581 1835 937 1899 volutabris
981 1835 1203 1918 pulsos
1251 1834 1654 1898 silvestribus
1702 1855 1890 1917 apros

343 1925 586 1989 latratu
632 1923 926 1987 turbabis
975 1945 1172 2009 agens
1218 1926 1596 2006 montesque
1642 1943 1757 2007 per
1803 1922 1970 1986 altos

343 2014 676 2099 ingentem
723 2013 1000 2077 clamore
1046 2033 1297 2095 premes
1346 2013 1426 2075 ad
1470 2011 1635 2075 retia
1680 2033 1953 2075 cervum.

432 2101 628 2167 Disce
674 2104 739 2164 et
786 2102 1122 2164 odoratam
1169 2100 1442 2164 stabulis
1490 2100 1831 2164 accendere
1878 2100 2163 2184 cedrum,

348 2190 789 2277 galbaneoque
836 2189 1086 2275 agitare
1132 2210 1358 2274 graves
1403 2188 1627 2252 nidore
1674 2188 2026 2272 chelydros.
2352 2203 2452 2251 415

347 2301 536 2364 saepe
581 2279 701 2342 sub
745 2277 1037 2342 immotis
1080 2277 1498 2362 praesepibus
1545 2282 1658 2341 aut
1702 2278 1873 2340 mala
1915 2281 2096 2341 tactu

344 2369 565 2453 vipera
610 2366 869 2431 delituit
913 2366 1285 2449 caelumque
1333 2366 1640 2430 exterrita
1683 2365 1857 2451 fugit

347 2462 459 2520 aut
505 2460 677 2520 tecto
726 2455 1030 2519 adsuetus
1077 2455 1338 2518 coluber
1384 2454 1719 2518 succedere
1766 2457 1831 2516 et
1876 2453 2139 2517 umbrae
2166 2490 2254 2499 —
2353 2482 2359 2490 ·

345 2544 548 2629 pestis
596 2543 828 2607 acerba
873 2544 1071 2607 boum
1104 2578 1180 2588 ——
1221 2542 1567 2625 pecorique
1614 2542 1994 2625 adspergere
2041 2541 2215 2605 virus
2228 2593 2244 2625 ,

346 2632 512 2697 fovit
554 2632 841 2695 humum.
890 2652 1044 2730 cape
1092 2652 1247 2694 saxa
1291 2652 1513 2713 manu,
1559 2651 1713 2713 cape
1759 2630 2020 2713 robora,
2063 2634 2313 2714 pastor,
2350 2644 2453 2693 420

348 2721 809 2803 tollentemque
855 2718 1063 2782 minas
1110 2722 1175 2782 et
1221 2718 1413 2782 sibila
1457 2718 1624 2782 colla
1665 2722 2023 2782 tumentem

349 2809 540 2874 deice.
585 2808 840 2890 iamque
886 2807 1045 2892 fuga
1089 2806 1389 2870 timidum
1435 2810 1629 2890 caput
1675 2806 1922 2870 abdidit
1967 2806 2122 2890 alte,

259 2957 263 2960 Α
349 2919 495 2963 cum
541 2896 733 2960 medii
777 2917 978 2959 nexus
1026 2899 1472 2979 extremaeque
1518 2896 1780 2979 agmina
1824 2894 2060 2958 caudae

348 2985 713 3068 solvuntur,
756 2984 1102 3067 tardosque
1147 2983 1352 3047 trahit
1397 2983 1575 3047 sinus
1620 2982 1887 3046 ultimus
1934 2982 2138 3047 orbes.

348 3079 448 3139 est
494 3073 690 3137 etiam
734 3071 844 3135 ille
890 3072 1098 3135 malus
1146 3069 1437 3135 Calabris
1481 3071 1554 3134 in
1598 3070 1871 3134 saltibus
1918 3072 2145 3156 anguis
2350 3085 2453 3133 425

349 3184 654 3246 squamea
699 3160 1084 3224 convolvens
1131 3159 1270 3223 subl
1291 3164 1388 3223 ito
1433 3163 1691 3243 pectore
1737 3162 1924 3244 terga

350 3255 541 3334 atque
584 3249 760 3314 notis
805 3249 1070 3332 longam
1114 3270 1277 3312 maci
1305 3248 1482 3312 losus
1530 3247 1879 3332 grandibus
1926 3247 2167 3331 alvum,

351 3338 487 3422 qui,
532 3339 685 3403 dum
732 3358 953 3401 amnes
998 3335 1117 3399 ulli
1162 3359 1285 3399 run
1306 3340 1549 3420 puntur
1592 3334 1885 3399 fontibus
1932 3339 1996 3398 et
2041 3335 2193 3397 dum

350 3448 494 3491 vere
541 3427 801 3490 madent
845 3425 974 3488 udo
1020 3429 1291 3488 terrae.
1316 3447 1352 3488 c
1396 3423 1785 3507 pluvialibus
1833 3422 2098 3505 austriS‚

351 3518 581 3599 stagna
628 3514 784 3578 colit
827 3512 1114 3597 ripisque
1157 3512 1288 3576 hab
1315 3516 1464 3575 'tans
1509 3511 1615 3575 hic
1659 3511 1945 3596 piscibus
1994 3514 2202 3573 atram
2354 3525 2455 3574 430

346 3601 680 3685 improbus
723 3601 1079 3685 ingluviem
1122 3601 1293 3663 ranis
1317 3621 1423 3683 lue
1470 3600 1847 3681 loquacibus
1894 3598 2131 3682 explet3

2441 3791 2475 3817 Δ
