2673 3925
996 257 1411 317 GEORGICON
1446 260 1580 315 LIB.
1619 260 1686 317 11.
2250 263 2338 328 45

330 396 577 468 scilicet
625 404 922 468 omnibus
970 408 1069 469 est
1114 404 1300 468 labor
1341 404 1804 489 impendendus
1852 411 1918 470 et
1965 427 2184 470 omnes

330 492 653 578 cogendae
698 492 768 555 in
814 493 1063 557 sulcum
1110 515 1184 557 ac
1229 493 1437 556 multa
1481 494 1768 558 mercede
1815 494 2183 559 domandae.

329 581 441 645 sed
486 579 731 644 truncis
781 579 956 645 oleae
1003 581 1260 664 melius,
1304 581 1658 667 propagine
1706 581 1868 646 vites

328 669 743 753 respondent,
788 667 993 733 solido
1039 667 1322 753 Paphiae
1370 670 1445 733 de
1491 670 1722 733 robore
1766 674 2045 754 myrtus3
2140 750 2143 751 γ

326 756 567 841 plantis
616 761 681 821 et
727 757 921 820 durae
967 757 1169 840 coryli
1213 762 1567 821 nascuntur
1613 763 1679 821 et
1723 757 1950 844 ingens
2370 776 2436 826 65

325 844 614 909 fraxinus
661 843 1139 927 Herculeaeque
1187 845 1378 909 arbos
1425 846 1729 910 umbrosa
1775 866 2076 930 coronae,
2152 898 2158 903 .

328 931 726 1017 Chaoniique
771 932 975 1017 patris
1023 932 1315 1018 glandes,
1361 932 1556 998 etiam
1604 934 1802 997 ardua
1845 934 2060 1019 palma

324 1020 613 1085 nascitur
659 1024 725 1084 et
771 1042 955 1085 casus
1003 1021 1178 1084 abies
1224 1021 1442 1085 visura
1486 1022 1784 1086 marinos.

324 1109 633 1173 inseritur
677 1130 828 1173 vero
876 1113 941 1173 et
982 1109 1167 1173 nucis
1213 1109 1482 1173 arbutus
1528 1109 1789 1174 horrida
1833 1110 1998 1195 fetu,
2324 1168 2327 1169 ⁷

326 1201 391 1261 et
437 1196 687 1261 steriles
731 1196 979 1281 platani
1023 1196 1228 1260 malos
1276 1218 1529 1282 gessere
1575 1198 1886 1262 valentes:
2373 1216 2434 1266 10

300 1289 661 1372 ‘castaneae
706 1284 895 1371 fagus
944 1305 1263 1368 ornusque
1309 1285 1599 1349 incanuit
1646 1286 1792 1349 albo

325 1374 482 1437 flore
526 1372 652 1457 piri
700 1372 1119 1458 glandemque
1167 1394 1313 1437 sues
1359 1373 1607 1460 fregere
1655 1375 1774 1439 sub
1820 1373 2030 1439 ulmis.

413 1460 549 1525 Nec
613 1461 840 1525 modus
904 1461 1181 1525 inserere
1243 1465 1435 1546 atque
1505 1462 1724 1526 oculos
1788 1462 2116 1547 imponere
2182 1462 2329 1526 61111-

1787 1550 1906 1614 161.
2344 1578 2350 1582 ·

321 1659 475 1701 113111
521 1654 649 1720 qua
693 1658 761 1701 66
806 1637 1016 1700 medio
1062 1637 1330 1700 trudunt
1376 1638 1452 1701 de
1499 1575 2072 1722 corticepgemmae

323 1729 389 1788 et
435 1729 659 1788 tenues
706 1729 1012 1807 rumpunt
1058 1724 1338 1808 tunicae,
1384 1730 1696 1809 angustus
1741 1725 1809 1788 in
1854 1725 1995 1809 ipso
2366 1743 2430 1792 7-5

322 1814 399 1876 fit
441 1813 613 1877 nodo
660 1812 864 1897 sinus3
908 1812 1035 1889 huc
1082 1812 1289 1876 aliena
1334 1833 1413 1875 ex
1459 1813 1684 1877 arbore
1732 1834 1993 1898 germen

321 1900 658 1965 includunt
702 1901 954 1984 udoque
1002 1901 1232 1965 docent
1276 1900 1626 1966 inolescere
1672 1900 1858 1965 libro,

324 1994 437 2053 aut
482 2011 736 2054 rursum
781 1990 1015 2054 enodes
1061 1989 1273 2053 trunci
1317 1994 1689 2054 resecantur
1734 1994 1799 2054 et
1846 1990 1973 2054 alte

321 2077 586 2141 finditur
629 2078 699 2141 in
744 2077 1021 2141 solidum
1067 2077 1282 2142 cuneis
1328 2077 1460 2162 via,
1506 2077 1728 2142 deinde
1774 2078 2014 2143 feraces
2254 2139 2257 2142 .

321 2165 580 2250 plantae
625 2166 1090 2230 immittuntur:
1133 2187 1252 2230 nec
1295 2165 1564 2252 longum
1609 2172 1889 2252 tempus,
1934 2172 1998 2231 et
2041 2167 2270 2253 ingens
2362 2183 2429 2232 80

321 2253 549 2317 exsilit·
582 2254 663 2318 ad
709 2254 955 2319 caelum
1000 2253 1195 2318 ramis
1241 2253 1536 2320 felicibus
1583 2256 1772 2319 arbos

320 2340 717 2425 miraturque
761 2363 962 2406 novas
1009 2341 1267 2406 frondes
1315 2347 1381 2406 et
1424 2364 1557 2407 non
1603 2365 1719 2407 sua
1763 2364 1970 2426 poma.

410 2428 751 2494 Praeterea
797 2451 997 2515 genus
1043 2429 1215 2493 haud
1259 2452 1457 2494 unum
1502 2452 1619 2494 nec
1663 2430 1942 2494 fortibus
1988 2429 2180 2494 ulmis

320 2538 439 2581 nec
486 2516 666 2581 salici
710 2517 973 2600 lotoque
1017 2539 1134 2582 nec
1179 2516 1389 2580 Idaeis
1437 2517 1807 2602 cyparissis,

320 2626 438 2669 nec
484 2604 755 2690 pingues
801 2627 995 2668 unam
1039 2604 1108 2667 in
1151 2604 1385 2669 faciem
1428 2608 1782 2668 nascuntur
1827 2605 2059 2689 olivae,
2360 2621 2428 2670 85

323 2692 630 2757 orchades
678 2697 742 2758 et
787 2692 950 2757 radii
996 2697 1061 2757 et
1107 2714 1324 2756 amara
1367 2693 1595 2778 pausia
1638 2694 1799 2757 baca

319 2802 638 2864 pomaque
685 2785 750 2845 et
794 2780 1052 2845 Alcinoi
1099 2780 1323 2844 silvae:
1367 2803 1487 2845 nec
1533 2780 1825 2844 surculus
1870 2780 2040 2844 idem

319 2866 707 2933 Crustumiis
755 2866 1082 2952 Syriisque
1128 2869 1287 2952 piris
1336 2868 1765 2954 gravibusque
1811 2868 2094 2932 volemis

317 2978 452 3021 non
497 2956 716 3021 eadem
763 2956 1099 3021 arboribus
1145 2957 1381 3040 pendet
1425 2955 1743 3021 vindemia
1786 2954 2028 3019 nostris
2038 3005 2058 3040 ‚

320 3065 513 3127 quam
558 3043 1010 3128 Methymnaeo
1058 3044 1265 3128 carpit
1310 3045 1387 3108 de
1425 3044 1687 3128 palmite
1732 3041 2005 3127 Lesbos3
2320 3125 2324 3129 ,
2359 3060 2428 3109 90

320 3138 471 3197 sunt
516 3131 790 3196 Thasiae
835 3132 1000 3196 vites
1010 3183 1028 3215 ‚
1073 3137 1225 3195 sunt
1270 3137 1335 3196 et
1382 3131 1766 3195 Mareotides
1814 3130 2024 3215 albae,

317 3220 669 3305 pinguibus
713 3220 836 3283 hae
882 3220 1069 3284 terris
1114 3219 1393 3304 habiles,
1435 3218 1783 3284 levioribus
1829 3218 2004 3302 illae3

319 3312 385 3371 et
427 3330 618 3392 passo
664 3307 909 3392 psithia
951 3307 1176 3371 utilior
1219 3272 1556 3391 tenuisque
1601 3307 1820 3391 lageos

318 3399 713 3479 temptatura
755 3395 947 3479 pedes
997 3395 1152 3459 olim
1197 3394 1615 3478 vincturaque
1660 3394 1975 3479 linguam,

317 3505 671 3567 purpureae
715 3483 1118 3568 preciaeque,
1165 3488 1229 3545 et
1275 3504 1402 3565 quo
1448 3488 1513 3546 te
1560 3482 1838 3546 carmine
1887 3481 2096 3545 dicam
2357 3498 2423 3548 95

317 3570 675 3635 Rhaetica?
719 3592 837 3635 1166
884 3570 1061 3635 661116
1104 3571 1248 3634 ideo
1296 3570 1607 3634 contende
1652 3569 1960 3633 Falernis,
2462 3595 2466 3600 ·
