2673 3925
395 245 480 308 lO
1023 244 1082 299 P.
1103 243 1398 299 VERGILI
1432 242 1695 298 MARON
1697 243 1759 298 IS

390 387 705 473 Pierides,
749 388 1020 453 vibulam
1062 388 1291 453 leclzori
1335 388 1581 472 pascite
1627 392 1861 453 vestro.
2329 394 2347 413 ’
2435 406 2509 456 85

391 474 476 542 Μ.
531 476 716 542 Polio
764 481 829 542 et
870 477 1011 562 ipse
1056 475 1214 542 facit
1256 498 1427 542 nova
1472 476 1779 542 carmina:
1823 476 2071 561 pasciize
2116 480 2395 562 taurum,

389 565 522 629 iam
567 586 767 630 cornu
810 569 991 649 pessab
1037 570 1103 629 et
1144 564 1415 650 pedibus
1463 564 1573 648 qui
1619 568 1885 650 spargat
1927 564 2249 630 harenam.

383 652 468 717 D.
517 651 640 728 Qui
676 657 761 738 te,
803 652 1010 738 Polio,
1055 657 1246 738 amat,
1289 652 1523 737 veniat,
1570 673 1696 736 quo
1732 658 1800 718 te
1839 673 2089 737 quoque
2128 653 2393 738 gaudela

390 741 584 805 mella
626 740 831 805 fluant
872 741 970 805 illi
979 793 998 827 ,
1041 741 1208 805 ferat.
1252 746 1318 805 eb
1362 742 1561 805 rubus
1608 763 1792 825 asper
1836 761 2180 805 amomum.

389 828 474 893 M.
521 828 645 905 Qui
689 829 961 893 Bavium
1004 850 1137 893 non
1160 829 1347 914 odit,
1391 833 1563 894 amet
1605 833 1721 893 tua
1766 829 2074 914 carmina,
2117 827 2348 914 Mam,
2427 847 2503 897 90

390 923 582 1003 atque
625 918 795 982 idem
839 917 1070 1003 iungat
1113 917 1336 1002 vulpes
1383 922 1450 982 et
1492 916 1780 1003 mulgeafi
1822 917 2054 983 hircos.

388 1006 467 1071 D.
516 1004 639 1081 Qui
682 1005 901 1091 legitis
948 1005 1138 1070 flores
1185 1011 1253 1070 et
1294 1004 1478 1070 humi
1520 1005 1854 1070 nascentia
1898 1005 2109 1092 fraga,

387 1095 689 1180 frigidus,
736 1115 773 1158 o
818 1094 1028 1179 pueri,
1072 1094 1278 1179 fugite
1322 1093 1501 1179 hinc,
1543 1093 1705 1158 latet
1748 1094 1978 1180 anguis
2022 1094 2093 1158 in
2136 1093 2352 1158 herba.

387 1182 473 1247 M.
517 1181 773 1247 Parcite
782 1234 800 1267 ‚
847 1203 1024 1265 oves,
1067 1181 1341 1246 nimium
1382 1182 1750 1267 procedere:
1793 1203 1927 1246 non
1969 1182 2130 1247 bene
2176 1182 2352 1266 ripae

387 1270 694 1357 creditur3
736 1270 876 1355 ipse
922 1271 1087 1336 aries
1134 1270 1331 1335 etiam
1374 1292 1545 1336 nunc
1589 1270 1827 1335 vellera
1872 1269 2087 1335 siccat.
2427 1286 2500 1336 95

387 1359 465 1424 D.
510 1357 759 1443 Tityre,
802 1362 1138 1442 pascensses
1186 1381 1225 1422 a
1268 1358 1532 1423 flumine
1576 1358 1743 1423 reice
1790 1358 2094 1443 capellas:

385 1448 551 1532 ipse,
596 1447 709 1512 ubi
754 1452 1009 1531 tempus
1056 1446 1205 1530 erit,
1251 1468 1472 1511 omnes
1518 1446 1587 1510 in
1631 1445 1810 1510 fonte
1856 1446 2105 1511 lavabo.

385 1535 471 1600 M.
519 1532 749 1620 Cogite
797 1555 976 1619 oves,
1017 1534 1230 1618 pueri:
1277 1535 1333 1599 si
1378 1535 1479 1601 lac
1522 1533 1919 1619 praeceperit.
1963 1539 2206 1619 acsias,

386 1628 461 1688 ut
503 1644 740 1709 nuper,
783 1622 1027 1687 frustra
1068 1621 1505 1708 pressabimus
1551 1622 1751 1686 ubera
1793 1622 2044 1706 palmis.

386 1711 464 1776 D.
519 1711 667 1776 Heu
711 1711 864 1796 heu,
914 1733 1107 1795 quam
1151 1711 1380 1798 pingui
1424 1732 1639 1777 macer
1685 1714 1786 1775 est
1831 1710 1991 1775 mihi
2037 1715 2261 1776 saurus
2300 1710 2373 1774 in
2395 1728 2499 1778 100

1790 1800 1964 1863 ervo!

385 1890 556 1954 idem
602 1910 782 1953 amor
828 1888 1096 1952 exilium
1139 1887 1357 1973 pecori
1402 1887 1780 1972 pecorisque
1826 1882 2163 1973 magistro.

385 1978 470 2042 M.
507 1978 629 2043 His
658 1982 829 2042 certe
855 1998 1062 2060 neque
1096 1997 1277 2040 amor
1308 1998 1502 2041 causa
1529 1980 1655 2060 est3
1686 1977 1794 2041 vix
1825 1976 2078 2041 ossibus
2105 1975 2388 2040 haerent.

383 2066 602 2130 nescio
650 2065 793 2149 quis
838 2068 1094 2129 teneros
1142 2064 1364 2129 oculus
1410 2063 1571 2127 mihi
1616 2062 1892 2128 fascinat
1937 2084 2157 2149 agnoS.

386 2154 464 2219 D.
492 2153 633 2239 Dic,
653 2153 884 2236 quibus
911 2152 982 2216 in
1008 2152 1197 2216 terris
1218 2188 1302 2199 —
1323 2155 1390 2216 eb
1417 2152 1540 2215 eris
1570 2151 1729 2215 mihi
1756 2172 2029 2237 magnus
2050 2150 2285 2236 Apollo
2302 2185 2388 2198 —·

265 2277 268 2284 =
385 2247 517 2307 tres
561 2245 784 2325 pateat.
830 2239 991 2305 caeli
1037 2239 1320 2324 spatium
1363 2261 1494 2303 non
1541 2239 1814 2323 amplius
1860 2239 2064 2304 ulnas.
2394 2258 2497 2307 105

385 2330 471 2395 M.
516 2329 669 2414 Dic,
715 2329 947 2413 quibus
992 2327 1062 2391 in
1107 2327 1295 2392 terris
1340 2326 1634 2411 inscripti
1677 2327 1941 2391 nomina
1986 2350 2211 2413 regum

383 2421 732 2483 nascantur
776 2416 1010 2501 floreS,·
1038 2420 1104 2480 elz
1147 2414 1445 2500 Phyllida
1490 2414 1665 2479 solus
1709 2414 1966 2480 habelzo.

471 2505 541 2571 P.
587 2504 740 2570 Non
781 2509 1099 2569 nosbrum·
1119 2503 1290 2568 inter
1333 2525 1450 2568 vos
1495 2507 1710 2568 tantas
1759 2525 2139 2588 componere
2183 2504 2352 2569 libes.

384 2599 451 2660 et
495 2593 700 2659 vitula
744 2597 818 2657 {zu
864 2592 1095 2678 dignus
1143 2595 1209 2656 el:
1252 2592 1384 2657 hic:
1431 2595 1497 2656 ef.
1543 2592 1831 2675 quisquis
1878 2613 2128 2657 amores

383 2682 555 2746 haud
600 2684 845 2746 melzueb
892 2680 1106 2745 dulces
1117 2731 1135 2764 ‚
1179 2679 1351 2743 haud
1398 2679 1759 2764 experietur
1805 2701 2074 2744 amaros
2339 2718 2355 2734 ·
2392 2698 2496 2747 110

384 2769 659 2835 claudite
703 2769 836 2833 iam
879 2769 1051 2832 rivos
1061 2819 1078 2852 ,
1121 2767 1331 2853 pueri3
1378 2772 1480 2832 sab
1524 2772 1710 2852 praba
1755 2768 2075 2832 biberunt..

1127 2965 1476 3044 ECLOGA
1521 2977 1634 3044 IV.

472 3120 774 3186 Sicelides
820 3120 1072 3205 Musae,
1114 3119 1308 3204 paulo
1355 3120 1602 3185 maiora
1647 3121 1975 3184 canamus!

379 3232 511 3274 non
559 3231 778 3275 omncs
826 3209 1091 3273 arbusta
1132 3209 1359 3273 iuvant.
1402 3207 1802 3291 humilesque
1847 3207 2155 3293 myricae3

383 3298 439 3363 si
485 3297 772 3363 canimus
819 3297 1041 3381 silvas,
1086 3296 1283 3362 silvae
1331 3296 1464 3361 sint
1509 3295 1769 3361 consule
1816 3294 2062 3379 dignae.

469 3384 717 3452 Ultima
762 3383 1026 3451 Cumaei
1071 3385 1248 3450 venit
1290 3384 1423 3448 iam
1469 3382 1767 3449 carminis
1815 3386 2019 3467 aetas3

381 3496 652 3560 magnus
700 3476 781 3539 ab
826 3475 1081 3560 integro
1130 3472 1487 3538 saeclorum
1528 3469 1817 3535 nascitur
1862 3469 2036 3534 ordo.
2421 3490 2455 3540 5

365 3563 509 3628 iam
554 3562 720 3627 redit
767 3567 833 3628 el:
876 3562 1089 3649 virgo,
1133 3561 1402 3627 redeunt
1446 3557 1751 3624 Saturnia
1794 3579 2020 3645 regna3

677 3679 730 3728 ι,
