2673 3925
797 251 1320 308 GEORGICORUM
1359 252 1755 308 SUMMARIA.
2157 254 2285 309 XIX

279 410 314 447 a
358 394 572 464 perfida
614 394 828 464 puella,
873 393 933 447 in
969 393 1078 448 hac
1114 395 1202 448 est
1234 392 1436 447 mulier
1480 396 1789 448 amatorem
1833 393 2116 448 infidelem
2164 412 2282 449 car-

276 481 523 536 minibus
562 481 844 550 sacrisque
880 481 1117 550 magicis
1154 497 1437 536 revocans.

1044 629 1364 690 ECLOGA
1411 631 1512 692 IX.

423 745 558 800 Cum
599 764 788 800 rursus
836 746 969 816 (vid.
1006 745 1123 800 Ecl.
1163 746 1209 817 I)
1255 744 1532 800 militibus
1577 746 1857 801 veteranis
1901 746 2284 802 dividerentur

281 833 427 903 agri,
462 833 711 903 Vergilio
755 833 959 888 iterum
1006 834 1302 903 praedium
1347 837 1601 904 ereptum
1645 837 1703 888 et
1744 835 1905 889 Arrio
1952 835 2279 904 centurioni,

281 936 316 973 a
352 937 460 988 quo
496 923 666 990 poeta
701 937 880 990 paene
914 921 1242 976 interfectus
1280 924 1382 990 est,
1423 921 1619 976 datum
1661 923 1761 976 est.
1836 923 2012 978 Poeta
2047 924 2284 977 Romam

278 1009 562 1078 profectus
598 1008 682 1063 ibi
716 1010 863 1064 hanc
901 1009 1127 1080 scripsit
1163 1012 1433 1080 eclogam,
1471 1027 1584 1079 qua
1621 1026 1680 1065 se
1718 1027 1929 1080 suaque
1965 1011 2153 1066 omnia
2182 1011 2284 1066 Oc-

277 1096 505 1152 taviano
541 1097 801 1166 Varoque
838 1099 1262 1153 commendavit.

1032 1298 1041 1308 .
1061 1246 1401 1333 ECLOGA,
1422 1248 1493 1306 x.

421 1360 699 1430 Cytheris,
746 1379 917 1430 quam
952 1361 1235 1432 Vergilius
1279 1361 1341 1416 in
1384 1363 1491 1417 hoc
1537 1361 1781 1418 carmine
1815 1363 2142 1432 Lycoridem
2186 1364 2282 1417 ad-

278 1449 483 1519 pellat‚
522 1448 682 1504 Gallo
719 1453 912 1520 poeta,
960 1449 1058 1518 qui
1095 1466 1219 1504 eam
1254 1450 1474 1519 perdite
1511 1451 1756 1520 amabat,
1794 1455 1999 1522 spret0‚
2046 1451 2285 1506 alterum

284 1540 592 1591 amatorem
619 1537 680 1591 in
709 1537 952 1594 Galliam
990 1540 1113 1592 erat
1148 1541 1355 1594 secuta.
1411 1539 1554 1592 Eam
1590 1526 1662 1593 ob
1688 1556 1806 1594 rem
1835 1539 2031 1594 Gallus
2070 1556 2283 1594 summo

281 1625 470 1680 dolore
509 1628 567 1679 et
599 1642 848 1681 maerore
886 1628 975 1680 est
1020 1624 1291 1679 adfectus.
1367 1625 1715 1680 Conveniunt
1746 1630 2000 1698 pastores
2036 1627 2283 1681 Arcades

278 1712 499 1782 ipsique
537 1712 630 1767 dei
666 1714 940 1782 agrestes,
988 1714 1054 1764 ut
1089 1710 1314 1765 Gallum
1361 1712 1739 1777 consolentur-3
1786 1711 1884 1781 qui
1929 1729 2055 1766 cum
2098 1713 2280 1782 primo

279 1799 445 1853 malit
486 1799 608 1869 ipse
653 1814 773 1853 esse
808 1797 1085 1852 Arcadiae
1121 1800 1316 1866 pastor
1350 1796 1444 1851 vel
1475 1796 1538 1850 in
1573 1797 1730 1852 silvis
1766 1800 2047 1853 venatoris
2086 1799 2283 1853 duram

281 1888 483 1956 degere
528 1885 720 1953 vitam,
765 1887 1045 1954 postremo
1090 1884 1339 1953 puellam
1382 1884 1645 1954 repudiat
1697 1886 2114 1956 cedendumque
2162 1905 2282 1942 esse

280 1975 474 2030 Amori
509 1974 663 2042 dicit,
702 1973 792 2029 cni
825 1973 969 2027 nihil
1003 1972 1186 2044 possit
1220 1973 1496 2028 resistere.

652 2242 1330 2318 GEORGIOORUM
1389 2242 1907 2316 SUMMARIA.
2017 2231 2020 2236 ⁵

1113 2403 1365 2472 LIBER
1400 2404 1446 2463 I.

422 2518 586 2575 1-4.
625 2517 935 2588 Exponitur
969 2517 1144 2572 totius
1183 2516 1444 2571 carminis
1482 2520 1895 2587 argumentum:
1935 2517 2280 2587 agricultura

281 2610 340 2662 et
372 2605 664 2661 rusticatio
701 2606 843 2660 libro
881 2606 923 2674 Ι,
962 2606 1223 2660 arborum
1260 2604 1480 2659 cultura
1514 2605 1552 2662 1.
1589 2606 1659 2674 ΙΙ,
1696 2621 1785 2659 res
1821 2604 2086 2674 pecuaria
2120 2605 2157 2658 1.
2186 2605 2281 2674 ΠΙ,

277 2713 367 2750 res
397 2694 614 2765 apiaria
639 2694 676 2748 1.
698 2694 775 2749 IV
801 2696 1093 2748 tractatur.
1125 2724 1192 2734 -
1221 2692 1404 2748 5-42
1431 2692 1712 2747 invocatio
1742 2692 1985 2761 deorum,
2015 2708 2050 2745 a
2080 2693 2281 2761 quibus

277 2786 448 2853 poeta
484 2798 543 2837 se
578 2782 638 2835 in
675 2781 965 2837 scribendo
1002 2782 1109 2836 hoc
1156 2780 1399 2836 carmine
1445 2780 1702 2835 adiutum
1745 2779 1899 2835 velit.
1947 2812 2015 2822 —
2060 2779 2282 2835 43-99

279 2871 574 2942 exponitur
609 2871 678 2925 de
715 2870 812 2939 eis,
851 2885 995 2938 quae
1032 2871 1163 2924 ante
1202 2872 1506 2923 sementem
1544 2868 1822 2939 agricolae
1857 2866 2117 2921 facienda
2145 2867 2281 2921 sint:

280 2964 334 3031 a)
372 2966 582 3016 43-70
629 2960 700 3013 de
745 2961 995 3028 tempore
1044 2956 1313 3011 arationis
1362 2960 1420 3011 et
1456 2957 1526 3012 de
1560 2956 1719 3010 varia
1756 2954 1900 3010 caeli
1935 2954 2150 3023 solique
2184 2971 2283 3008 na-

277 3051 407 3102 tura
433 3051 565 3103 ante
592 3048 865 3101 arandum
894 3039 1283 3111 observanda:
1304 3046 1365 3115 b)
1405 3052 1611 3101 71—‹93
1640 3046 1710 3100 de
1739 3061 1874 3114 agro
1901 3043 2072 3098 variis
2100 3044 2281 3098 modis

277 3137 603 3202 recreand03
657 3138 707 3206 c)
746 3139 954 3189 94-99
1003 3134 1071 3187 de
1116 3137 1266 3188 terra
1314 3133 1615 3203 diligenter
1661 3136 1717 3187 et
1762 3134 2021 3187 accurate
2058 3131 2283 3185 commi·

277 3226 516 3280 nuenda.
564 3256 634 3266 -
689 3220 1005 3278 loo—159
1062 3238 1206 3289 quae
1256 3224 1389 3291 post
1442 3223 1747 3275 sementem
1794 3220 2013 3291 prosint
2060 3218 2283 3272 futurae

280 3311 481 3382 segeti:
520 3314 576 3382 a)
616 3315 893 3364 100-103
931 3309 1222 3384 commoda
1257 3311 1591 3380 tempestas3
1637 3308 1696 3379 b)
1737 3312 2015 3362 104—105
2052 3306 2283 3375 glaeba-

279 3417 403 3453 rum
453 3398 730 3463 contusim
788 3401 838 3468 c)
888 3389 1182 3452 106—1'10
1226 3395 1484 3466 irrigatio
1532 3394 1676 3449 aridi
1721 3395 1850 3461 s0fi3
1908 3395 1964 3465 d)
2006 3385 2282 3447 111—113
2319 3445 2324 3448 .

279 3486 536 3556 depastio
572 3485 738 3540 nimis
775 3485 962 3540 laetae
999 3484 1232 3555 segetis;
1271 3488 1322 3555 e)
1364 3490 1639 3538 114—-117
1679 3482 1939 3538 deductio
1965 3481 2105 3535 nimi
2130 3498 2285 3535 umo-
2317 3524 2325 3535 .

278 3574 382 3642 ris3
418 3574 471 3644 f)
510 3579 788 3629 118—159
829 3574 1089 3643 depulsio*
1123 3572 1359 3628 aliorum
1394 3572 1684 3639 malorum,
1724 3570 1926 3639 quibus
1965 3573 2181 3639 segetes
2212 3566 2284 3620 ad

1891 3657 1966 3710 b*
