2673 3925
356 252 440 318 38
977 254 1037 310 Ρ.
1066 253 1361 310 VERGILI
1395 254 1725 310 MARONIS

357 397 660 464 collectae
704 418 782 462 ex
829 396 962 462 alto
1008 398 1238 483 nubes3
1282 398 1418 462 ruit
1463 399 1697 464 arduus
1744 400 1991 486 aether,

359 491 422 551 et
467 486 685 570 pluvia
727 485 979 572 ingenti
1026 490 1170 551 sata
1212 449 1386 551 l’aeta
1431 487 1750 571 boumque
1796 488 2049 553 labores

356 574 569 659 diluit3
612 574 963 675 implentur
1006 574 1220 639 fossae
1264 578 1332 639 et
1375 596 1532 640 cava
1576 575 1845 641 flumina
1888 581 2183 642 crescunt

357 685 501 727 cum
547 662 765 727 sonitu
808 662 1137 747 fervetque
1181 663 1366 727 fretis
1413 663 1807 748 spirantibus
1856 685 2110 748 aequor.

353 751 491 835 ipse
535 755 722 836 pater
767 751 976 815 media
1019 751 1389 816 nimborum
1435 752 1504 815 in
1546 756 1737 818 nocte
1783 773 2051 818 corusca

356 839 628 903 fulmina
671 839 937 904 molitur
982 840 1233 924 dextra,
1278 861 1406 924 quo
1453 839 1735 905 maxima
1779 845 1961 906 motu

356 932 527 992 terra
571 928 818 1013 tremit3
863 927 1085 1014 fugere
1130 927 1302 992 ferae
1347 931 1415 992 et
1460 929 1760 993 mortalia
1806 929 1998 995 corda

355 1037 467 1099 per
513 1019 735 1101 gentes
780 1015 1043 1080 humilis
1091 1016 1321 1080 stravit
1365 1038 1591 1101 pavor3
1636 1016 1746 1082 ille
1792 1017 2093 1103 flagranti

356 1107 467 1166 aut
511 1102 737 1168 Athon
780 1107 894 1168 aut
938 1102 1297 1205 Rhodopen
1344 1109 1456 1168 aut
1501 1104 1634 1169 alta
1680 1103 1995 1170 Ceraunia
2041 1105 2172 1170 telo

357 1190 573 1276 deicit3
617 1191 1021 1293 ingeminant
1066 1192 1269 1257 austri
1314 1196 1382 1257 et
1426 1192 1842 1257 densissimus
1887 1193 2119 1278 imber3

355 1300 524 1345 nunc
565 1300 831 1345 nemora
872 1280 1124 1366 ingenti
1168 1283 1389 1365 vento,
1432 1302 1601 1346 nunc
1646 1279 1839 1346 litora
1883 1280 2217 1368 plangunt.

355 1367 477 1432 hoc
522 1371 813 1432 metuens
859 1369 1018 1432 caeli
1063 1389 1313 1433 menses
1363 1371 1428 1433 et
1473 1369 1681 1433 sidera
1726 1391 1939 1454 serva,

355 1454 591 1555 frigida
637 1453 899 1520 Saturni
933 1474 1083 1520 sese
1130 1477 1257 1540 quo
1304 1455 1493 1520 stella
1537 1461 1849 1541 receptet,

275 1569 280 1572 Α
356 1564 540 1644 quos
561 1542 732 1628 ignis
779 1543 955 1608 caelo
1003 1541 1328 1627 Cyllenius
1376 1548 1545 1609 erret
1587 1544 1657 1608 in
1703 1546 1907 1610 orbes.

355 1629 670 1715 imprimis
716 1652 1017 1696 venerare
1063 1632 1215 1696 deos
1262 1636 1454 1716 atque
1502 1653 1714 1697 annua
1758 1655 2030 1718 magnae

355 1741 537 1783 sacra
575 1718 747 1799 refer
793 1717 1009 1784 Cereri
1055 1720 1243 1784 laetis
1291 1724 1592 1804 operatus
1636 1720 1707 1785 in
1749 1721 1967 1786 herbis

355 1812 676 1872 extremae
722 1808 842 1873 sub
889 1830 1109 1873 casum
1153 1808 1412 1891 hiemis,
1456 1809 1587 1873 iam
1631 1830 1777 1873 vere
1823 1830 2064 1874 sereno,

354 1901 494 1960 tum
536 1895 809 1983 pingues
857 1896 1008 1983 agni
1055 1900 1121 1961 et
1166 1902 1305 1961 tum
1352 1896 1733 1962 mollissima
1777 1897 1953 1983 vina,

354 1990 494 2049 tum
539 1985 749 2050 somni
795 1985 1011 2050 dulces
1060 1986 1416 2069 densaeque
1462 1986 1531 2049 in
1575 1986 1903 2051 montibus
1949 1987 2231 2071 umbrae.

355 2076 583 2138 cuncta
627 2072 750 2137 tibi
796 2070 1089 2137 Cererem
1133 2074 1335 2174 pubes
1384 2074 1657 2158 agrestis
1704 2074 1951 2159 adoret3

355 2160 457 2224 cui
503 2165 577 2224 tu
620 2159 789 2225 lacte
833 2160 1014 2225 favos
1062 2165 1127 2225 et
1171 2161 1316 2224 miti
1364 2161 1532 2224 dilue
1579 2160 1863 2246 BacchO,

352 2251 576 2331 terque
620 2268 820 2312 novas
869 2247 1108 2313 circum
1154 2248 1308 2312 felix
1355 2252 1460 2313 eat
1504 2248 1720 2313 hostia
1764 2248 2012 2335 fruges,

354 2335 561 2400 omnis
610 2357 802 2420 quam
849 2336 1097 2401 chorus
1130 2342 1195 2401 et
1241 2335 1401 2401 socii
1448 2336 1838 2400 comitentur
1885 2343 2180 2423 ovantes,

355 2429 418 2487 et
466 2421 762 2490 Cererem
808 2425 1083 2490 clamore
1128 2428 1360 2489 vocent
1403 2424 1471 2487 in
1516 2428 1715 2510 tecta3
1759 2446 1966 2508 neque
2013 2431 2161 2492 ante

351 2511 582 2576 falcem
626 2513 897 2577 maturis
946 2512 1285 2596 quisquam
1333 2517 1655 2596 supponat
1700 2513 1935 2598 aristis,

355 2622 548 2683 quam
594 2597 811 2665 Cereri
856 2604 1033 2665 torta
1076 2601 1411 2665 redimitus
1462 2605 1756 2702 tempora
1800 2623 2036 2685 quercu

352 2688 460 2752 det
504 2692 719 2753 motus
765 2688 1228 2773 incompositos
1276 2692 1342 2752 et
1388 2689 1671 2754 carmina
1717 2688 1903 2754 dicat
2100 2742 2103 2745 1

439 2774 654 2859 Atque
698 2777 856 2840 haec
903 2780 977 2839 ut
1022 2776 1214 2840 certis
1259 2798 1594 2861 possemus
1642 2777 1882 2852 discere
1929 2777 2161 2863 signis,

354 2868 692 2947 aestusque
739 2863 1115 2948 pluviasque
1161 2870 1226 2929 et
1273 2870 1537 2950 agentes
1581 2865 1828 2950 frigora
1872 2870 2097 2930 ventos
2108 2918 2125 2949 ,

351 2952 487 3035 ipse
532 2956 717 3035 pater
763 2952 1023 3037 statuit,
1069 2952 1221 3036 quid
1266 2957 1595 3018 menstrua
1638 2952 1791 3018 luna
1837 2959 2151 3037 moneret,

353 3061 479 3122 quo
526 3039 714 3124 signo
762 3041 1060 3105 caderent
1105 3041 1336 3125 austri,
1384 3041 1535 3124 quid
1583 3063 1769 3125 saepe
1816 3042 2102 3107 videntes

353 3126 671 3213 agricolae
716 3128 981 3212 propius
1028 3129 1301 3193 stabulis
1352 3134 1639 3194 armenta
1684 3134 1990 3195 tenerent.
2078 3188 2083 3194 .

354 3215 659 3280 continuo
705 3216 912 3281 ventis
962 3218 1375 3303 surgentibus
1423 3222 1535 3283 aut
1578 3216 1745 3282 freta
1788 3218 1973 3302 ponti

352 3303 669 3388 incipiunt
714 3304 963 3390 agitata
1007 3309 1363 3371 tumescere
1411 3310 1475 3370 et
1521 3306 1733 3370 aridus
1783 3307 1929 3388 altis

354 3392 682 3457 montibus
730 3393 937 3457 audiri
981 3393 1202 3479 fragor
1223 3426 1226 3429 ·
1248 3398 1360 3458 aut
1406 3393 1773 3458 resonantia
1818 3394 2008 3478 longe

352 3479 544 3545 litora
591 3481 843 3547 misceri
891 3485 956 3546 et
998 3503 1333 3546 nemorum
1378 3481 1842 3546 increbrescere
1889 3503 2191 3545 murmur.

351 3568 480 3632 iam
527 3568 652 3633 sibi
699 3574 837 3634 tum
886 3568 1095 3635 curvis
1144 3571 1310 3635 male
1356 3573 1671 3653 temperat
1716 3569 1888 3633 unda
1935 3568 2194 3653 cariniS,

2364 507 2477 556 825

2363 946 2475 995 330

2362 1387 2469 1435 335
2526 1441 2532 1449 ,

2360 1826 2463 1877 340
2520 1785 2528 1791 “

2356 2268 2458 2316 345

2357 2706 2458 2756 350

2355 3148 2455 3196 355

2356 3587 2456 3636 360
