2673 3925
934 340 941 347 ,
994 276 1412 334 osoafflcou
1447 278 1581 332 Lm.
1619 279 1684 346 11-
2241 279 2329 345 43

325 422 477 487 hinc
523 426 740 487 movet
785 421 1180 506 Euphrates,
1223 421 1403 486 illinc
1451 420 1796 486 Germania
1840 422 2109 504 bellum3

325 509 571 575 vicinae
617 509 825 594 ruptis
870 509 1041 575 inter
1088 531 1155 573 se
1200 508 1454 594 legibus
1501 511 1692 574 urbes
2330 528 2432 577 510
2500 561 2503 562 ν

206 624 212 633 ·
325 620 507 662 arma
548 597 790 682 ferunt3
836 597 1041 662 saevit
1086 601 1226 661 toto
1273 596 1448 661 Mars
1494 598 1730 683 impius
1780 599 1960 684 orbe3

324 689 400 749 ut
444 707 591 751 cum
636 685 996 751 carceribus
1045 706 1183 749 sese
1229 685 1506 749 effudere
1553 686 1926 772 quadrigae,

326 774 569 838 addunt
612 773 682 837 in
727 773 939 857 spatia
984 776 1049 837 et
1094 772 1336 837 frustra
1381 773 1737 838 retinacula
1780 775 2046 838 tendens

323 861 531 926 fertur
575 860 755 945 equis
804 861 1029 947 auriga
1071 882 1278 944 neque
1327 861 1507 925 audit
1554 883 1775 926 currus
1824 862 2123 927 habenas.

880 1289 1761 1375 GEORGIOON

1092 1490 1562 1558 LIBERII.

410 1649 737 1715 Hactenus
786 1672 1084 1714 arvorum
1130 1650 1341 1714 cultus
1389 1656 1454 1715 et
1500 1652 1710 1715 sidera
1756 1651 1940 1736 caeli3

321 1760 492 1802 nunc
537 1743 630 1822 te,
673 1736 954 1822 Bacche,
999 1759 1252 1821 canam,
1295 1759 1413 1802 nec
1458 1759 1589 1801 non
1634 1739 1954 1802 silvestria
1997 1742 2212 1803 tecum
2284 1751 2291 1756 '

323 1825 630 1911 virgulta
651 1828 716 1889 ct
760 1824 1006 1908 prolem
1052 1824 1233 1889 tarde
1280 1825 1625 1890 crescentis
1673 1825 1894 1889 olivae.

320 1914 476 1998 huc,
520 1916 703 1998 pater
749 1933 785 1977 o
832 1911 1081 1978 Lenaee
1129 1948 1214 1959 —
1260 1912 1391 1978 tuis
1436 1913 1543 1979 hic
1589 1912 1804 1978 omnia
1847 1912 2036 2005 plena

323 2001 722 2085 muneribuS,
765 2001 889 2065 tibi
932 2000 1272 2085 pampineo
1322 2002 1623 2087 gravidus
1672 2007 1981 2066 autumno
2157 2026 2162 2031 ·
2362 2019 2394 2068 5

323 2090 512 2154 floret
556 2109 736 2174 ager,
782 2093 1039 2174 spumat
1083 2089 1290 2173 plenis
1338 2089 1658 2154 vindemia
1701 2090 1899 2154 labris
1948 2128 2031 2137 —

321 2178 476 2262 huc,
518 2181 704 2261 pater
749 2198 787 2241 o
832 2176 1111 2262 Lenaee,
1155 2177 1328 2261 veni,
1372 2179 1738 2263 nudataque
1783 2183 1998 2244 musto
2101 2219 2104 2223 .
2208 2221 2212 2225 -

321 2266 421 2329 tin
511 2287 545 2329 e
592 2283 759 2330 novo
806 2287 1056 2331 mecum
1102 2265 1369 2350 direptis
1416 2288 1602 2332 crura
1646 2266 1996 2331 cothurnis.

462 2352 734 2437 rincipio
781 2354 1119 2418 arboribus
1164 2354 1346 2418 varia
1390 2358 1489 2417 est
1532 2359 1764 2418 natura
1809 2355 2111 2418 creandis

321 2462 597 2525 namque
645 2441 806 2505 aliae
849 2441 1046 2505 nullis
1092 2441 1427 2505 hominum
1474 2442 1853 2526 cogentibus
1898 2442 2076 2526 ipsae
2365 2459 2428 2507 10

322 2533 552 2614 sponte
599 2550 715 2593 sua
757 2528 1023 2593 veniunt
1069 2550 1455 2613 camposque
1502 2533 1568 2593 et
1611 2529 1878 2593 flumina
1920 2530 2048 2594 late

323 2639 517 2683 curva
561 2619 811 2700 tenent,
855 2621 930 2680 ut
975 2615 1167 2680 molle
1214 2616 1366 2681 siler
1410 2616 1744 2702 lentaeque
1792 2623 2121 2703 genestae,

320 2705 597 2790 populus
643 2710 709 2769 et
756 2704 984 2790 glauca
1029 2705 1324 2781 canentia
1367 2703 1591 2769 fronde
1639 2704 1893 2790 salicta3

319 2814 471 2878 pars
518 2796 732 2857 autem
777 2792 993 2877 posito
1042 2796 1315 2878 surgunt
1361 2793 1437 2856 de
1485 2792 1751 2876 semine,
1796 2797 1870 2856 ut
1917 2793 2084 2857 altae

321 2883 657 2945 castaneae
685 2901 1162 2964 nemorumque
1208 2879 1350 2945 Iovi
1396 2902 1557 2963 quae
1603 2880 1883 2944 maxima
1927 2880 2183 2946 frondet
2318 2939 2322 2944 .
2364 2898 2458 2946 15.

319 2967 613 3034 aesculus
660 2956 851 3052 atque
896 2968 1156 3033 habitae
1205 2967 1391 3032 Grais
1441 2967 1697 3034 oracula
1745 2989 2031 3051 quercus

317 3055 596 3142 pullulat
641 3056 722 3119 ab
769 3056 979 3121 radice
1028 3055 1169 3120 aliis
1217 3056 1597 3120 densissima
1642 3056 1829 3139 silva,

318 3150 394 3209 ut
438 3143 673 3210 cerasis
720 3142 1065 3227 ulmisque:
1110 3143 1307 3208 etiam
1352 3142 1661 3208 Parnasia
1703 3143 1921 3207 laurus

316 3255 516 3317 parva
562 3232 682 3296 sub
726 3230 977 3317 ingenti
1023 3232 1248 3296 matris
1296 3253 1364 3296 sc
1412 3231 1648 3296 subicit
1692 3232 1934 3295 umbra.

318 3320 437 3384 hos
483 3324 717 3384 natura
762 3320 985 3384 modos
1029 3320 1311 3404 primum
1359 3319 1559 3403 dedit,
1602 3318 1704 3383 his
1752 3341 1953 3405 genus
2002 3340 2189 3385 omne
2359 3336 2426 3385 20

287 3408 625 3472 silvarum
670 3407 1103 3491 fruticumque
1149 3407 1314 3471 viret
1357 3428 1815 3491 nemorumque
1863 3428 2206 3472 sacrorum.

407 3493 574 3561 Sunt
620 3495 809 3579 aliae,
854 3517 1012 3578 quas
1056 3495 1195 3579 ipse
1240 3495 1379 3559 vias
1427 3495 1551 3559 sibi
1595 3494 1878 3579 repperit
1921 3516 2093 3566 usus.

316 3582 423 3649 hic
468 3582 723 3668 plantas
770 3588 991 3648 tenero
1039 3582 1416 3647 abscindens
1463 3583 1538 3647 de
1586 3604 1851 3666 corpore
1897 3586 2177 3647 matrum
