2673 3925
1140 255 1515 312 BUCOLIOA.
2230 258 2319 322 25

318 397 454 463 ulla
497 419 745 465 moram
788 398 1019 485 fecere,
1061 421 1268 484 neque
1312 399 1522 465 Aonie
1566 398 1923 501 Aganippe.

319 486 505 551 illum
551 486 747 552 etiam
790 487 985 572 lauri,
1029 487 1226 553 etiam
1270 487 1501 553 flevere
1547 487 1853 589 myricae,

364 573 557 639 inifer
598 575 785 640 illum
828 575 1024 640 etiam
1070 575 1209 641 sola
1252 576 1374 640 sub
1419 597 1578 660 rupe
1621 576 1939 644 iacentem

319 597 650 728 {daenalus
661 714 680 748 ,
725 667 790 728 et
837 663 1033 748 gelidi
1077 663 1392 729 fleverunt
1435 686 1591 730 saxa
1634 663 1886 749 Lycaei.
2359 684 2421 732 15

322 755 500 816 stant
545 756 609 816 et
656 772 805 816 oves
852 751 1119 836 circum,
1147 788 1231 799 —
1258 752 1468 817 nostri
1511 773 1629 817 nec
1672 753 1959 836 paenitet
2002 752 2176 838 illas3

320 860 438 904 nec
483 842 548 904 te
592 838 920 925 paeniteat
961 839 1239 925 pecoris,
1284 839 1495 905 divine
1538 845 1757 924 poeta:

323 931 388 991 et
413 926 753 992 ‘formosus
799 948 949 993 oves
995 928 1077 992 ad
1120 927 1388 992 flumina
1429 928 1610 1014 pavit
1653 928 1902 995 Adonis
1949 963 2033 977 -

321 1015 498 1080 venit
542 1019 609 1081 et
652 1014 890 1101 upilio,
933 1015 1105 1080 tardi
1147 1037 1376 1081 venere
1424 1015 1703 1101 subulci,

321 1103 550 1168 uvidus
594 1102 867 1168 hiberna
909 1103 1086 1171 venit
1132 1103 1208 1170 de
1256 1104 1485 1190 glande
1530 1103 1872 1170 Menalcas.
2352 1122 2421 1172 20

323 1212 542 1256 omnes
600 1190 796 1256 ‘unde
842 1213 1023 1256 amor
1063 1190 1220 1257 iste'
1277 1196 1512 1309 rogant
1558 1191 1785 1257 ‘tibi‘P'
1841 1192 2018 1258 venit
2061 1193 2317 1280 Apollo.

323 1278 536 1364 quid,
582 1277 791 1380 Galle,
834 1279 1154 1344 insanis?'
1201 1278 1442 1365 inquit,
1487 1277 1633 1344 ‘tua
1678 1301 1831 1345 cura
1873 1279 2140 1365 Lycoris

320 1387 558 1468 perque
601 1365 780 1432 nives
826 1366 1024 1431 alium
1061 1389 1305 1468 perque
1350 1366 1613 1433 horrida
1656 1371 1867 1433 castra
1912 1374 2132 1435 secuta
2177 1368 2317 1435 est?

321 1455 497 1519 venit
541 1459 607 1521 et
650 1455 891 1542 agresti
937 1455 1166 1540 capitis
1214 1453 1513 1521 Silvanus
1558 1455 1828 1541 honore,

322 1542 622 1608 florentes
667 1542 905 1609 ferulas
951 1548 1018 1609 et
1064 1544 1332 1629 grandia
1375 1544 1514 1609 lilia
1560 1565 1891 1646 quassans:
2354 1561 2423 1611 25

321 1629 461 1694 Pan
505 1630 659 1696 deus
703 1630 1017 1696 Arcadiae
1060 1631 1270 1714 venit,
1317 1653 1509 1716 quem
1552 1632 1828 1698 vidimus
1872 1633 1999 1718 ipsi

324 1718 699 1818 sanguineis
737 1718 911 1783 ebuli
956 1719 1134 1783 bacis
1180 1718 1507 1802 minioque
1552 1719 1905 1784 rubentem.

325 1806 565 1890 ‘ecquis
613 1804 737 1870 erit
780 1805 1083 1871 modus‘P
1129 1804 1344 1889 inquit
1389 1804 1617 1871 Amor
1660 1827 1793 1870 non
1836 1806 1993 1871 talia
2038 1813 2282 1893 curat.

321 1915 440 1959 nec
483 1893 767 1959 lacrimis
813 1892 1084 1959 crudelis
1129 1892 1334 1958 Amor
1378 1914 1497 1959 nec
1544 1892 1836 1981 gramina
1879 1893 2035 1959 rivis
2089 1930 2090 1933 κ

322 2004 439 2047 1133
484 1981 691 2068 cytiso
737 1986 1110 2048 saturantur
1156 2004 1307 2068 apes
1351 2004 1470 2048 nec
1514 1981 1739 2048 fronde
1786 2004 1902 2067 cap
1904 1982 2104 2048 ellae?
2356 2002 2424 2050 30

322 2070 530 2136 tristis
577 2075 646 2135 at
687 2069 797 2135 ille
844 2069 1094 2135 ‘tamen
1138 2069 1512 2155 cantabitis,
1555 2069 1871 2136 Arcades’
1916 2071 2156 2157 inquit,

324 2158 683 2224 ‘montibus
727 2157 885 2224 haec
930 2158 1188 2224 vestris:
1235 2158 1358 2223 soli
1405 2163 1661 2223 cantare
1705 2158 1899 2242 periti

236 2283 242 2301 ι
321 2246 620 2312 Arcades.
668 2267 706 2310 o
750 2246 913 2311 mihi
955 2250 1096 2311 tum
1142 2268 1335 2331 quam
1380 2246 1662 2312 molliter
1708 2268 1856 2311 ossa
1901 2247 2267 2333 quiescant,

321 2338 536 2400 vestra
578 2356 757 2399 meos
803 2334 958 2399 olim
1002 2334 1060 2399 si
1102 2334 1322 2399 fistula
1367 2334 1539 2400 dicat
1584 2336 1862 2400 amores!
2283 2393 2284 2396 ,

409 2421 623 2506 Atque
669 2421 918 2487 utinam
963 2444 1041 2487 ex
1084 2421 1269 2487 vobis
1313 2443 1480 2487 unus
1524 2422 1849 2506 vestrique
1894 2421 2160 2487 fuissem
2357 2440 2425 2488 35

324 2514 437 2575 aut
481 2514 700 2575 custos
747 2509 961 2595 gregis
1008 2513 1120 2573 aut
1164 2514 1455 2574 maturae
1499 2508 1740 2574 vinitor
1782 2511 1967 2574 uvae!

324 2600 496 2663 certe
540 2597 674 2661 sive
719 2596 880 2661 mihi
923 2595 1172 2681 Phyllis
1218 2597 1353 2662 sive
1373 2601 1571 2662 esset
1613 2595 1961 2682 Amyntas,

327 2706 439 2750 seu
467 2684 850 2768 quicumque
885 2683 1094 2769 furor,
1111 2720 1195 2732 —-
1218 2684 1373 2769 quid
1409 2689 1578 2770 tum,
1615 2684 1672 2750 si
1706 2684 1926 2751 fuscus
1953 2684 2320 2769 Amyntas?

325 2777 390 2837 et
432 2772 656 2859 nigrae
700 2771 908 2837 violae
953 2777 1105 2837 sunt
1151 2777 1214 2837 et
1258 2772 1547 2838 vaccinia
1590 2773 1778 2859 nigra
1823 2809 1908 2820 —

323 2881 577 2925 mecum
618 2859 788 2925 inter
832 2859 1090 2945 salices,
1133 2859 1309 2925 lenta
1355 2860 1475 2925 sub
1521 2860 1653 2925 vite
1695 2861 1960 2945 iaceret3
2047 2923 2050 2926 ,
2281 2871 2286 2875 ’
2358 2878 2427 2927 40

325 2951 497 3014 serta
540 2947 701 3013 mihi
743 2946 991 3032 Phyllis
1027 2947 1308 3034 legeret,
1356 2952 1643 3014 cantaret
1685 2948 2021 3032 Amyntas.

322 3035 430 3102 1113
476 3035 670 3121 gelidi
713 3034 924 3100 fontes
941 3087 958 3119 ,
1001 3034 1107 3101 hic
1152 3034 1375 3100 mollia
1417 3041 1630 3121 prata,
1673 3035 1934 3121 Lycori,

322 3124 430 3189 hic
473 3145 728 3208 nemus3
769 3123 875 3188 hic
919 3123 1062 3207 ipso
1109 3126 1324 3188 tecum
1371 3145 1777 3189 consumerer
1823 3144 1996 3189 aevo,

323 3233 494 3277 nunc
539 3211 805 3276 insanus
851 3232 1032 3275 amor
1076 3210 1218 3276 duri
1265 3233 1367 3275 me
1412 3210 1642 3276 Martis
1686 3210 1757 3274 111
1802 3211 1997 3275 armis

328 3300 456 3364 tela
497 3299 669 3363 inter
713 3298 922 3363 media
968 3304 1158 3383 atque
1206 3298 1506 3364 adversos
1552 3298 1795 3364 detinet
1837 3298 2076 3363 hostes.
2361 3315 2431 3364 45

325 3392 398 3452 tu
440 3386 665 3471 procul
710 3408 748 3451 a
791 3386 1005 3471 patria
1031 3422 1116 3433 —
1143 3408 1262 3452 nec
1309 3387 1396 3451 sit
1440 3386 1601 3451 mihi
1646 3387 1900 3452 credere
1944 3390 2200 3451 tantum
2239 3421 2324 3432 —-

324 3474 596 3560 Alpinas
643 3496 707 3559 3,
751 3474 936 3559 dura,
978 3475 1159 3540 nives
1206 3478 1272 3539 et
1315 3474 1563 3559 frigora
1605 3473 1817 3539 Rheni

324 3584 427 3628 me
473 3562 611 3627 sine
659 3561 796 3626 sola
839 3562 1032 3626 vides.
1081 3584 1145 3645 a,
1189 3566 1254 3627 te
1298 3584 1381 3626 ne
1426 3561 1673 3646 frigora
1716 3561 2000 3626 laedant!
