2673 3925
938 243 1358 299 GEORGICON
1394 244 1529 300 LIB.
1567 246 1608 300 Ι.

268 385 718 471 pulverulenta
764 391 999 470 coquat
1043 387 1313 452 maturis
1363 387 1606 452 solibus
1655 393 1900 476 aestas3-

270 479 341 540 at
390 474 446 539 si
489 497 623 539 non
667 475 868 539 fuerit
915 475 1107 539 tellus
1153 475 1455 560 fecunda,
1502 478 1621 541 sub
1665 477 1879 561 ipsum
1967 499 1971 503 ’
2058 498 2061 501 ’

275 563 627 627 Arcturum
673 563 852 628 tenui
899 568 1000 627 sat
1045 562 1168 627 erit
1213 564 1597 646 suspendere
1644 565 1851 630 sulco·

266 650 438 735 illic,
484 650 776 715 officiant
819 650 1007 715 laetis
1052 673 1132 715 ne
1176 650 1473 736 frugibus
1519 651 1782 737 herbae,

267 739 403 823 hic,
449 738 734 804 sterilem
781 739 1049 824 exiguus
1092 761 1173 802 ne
1219 739 1472 803 deserat
1516 762 1702 804 umor
1744 741 2067 807 harenam.

358 826 645 891 Alternis
689 827 860 891 idem
905 831 1125 891 tonsas
1174 848 1421 891 cessare
1465 828 1726 892 novales

269 918 337 980 et
382 936 644 1000 segnem
686 914 931 999 patiere
978 914 1110 978 situ
1156 914 1487 980 durescere
1533 938 1859 1002 campum3

270 1007 383 1067 aut
426 1003 522 1067 ibi
568 1003 736 1068 flava
782 1024 952 1067 seres
998 1006 1249 1066 mutato
1298 1002 1502 1067 sidere
1547 1004 1720 1068 farra
1728 1056 1745 1089 ,

268 1090 436 1155 unde
481 1091 661 1175 prius
705 1090 949 1155 laetum
995 1090 1229 1174 siliqua
1274 1096 1619 1173 quassante
1663 1093 1964 1178 legumen

271 1183 383 1242 aut
428 1183 652 1244 tenues
695 1179 867 1243 fetus
912 1178 1115 1242 viciae
1159 1178 1493 1262 tristisque
1535 1179 1742 1265 lupini

271 1267 608 1331 sustuleris
653 1267 916 1352 fragiles
965 1266 1245 1330 calamos
1293 1267 1646 1352 silvamque
1693 1273 2048 1335 sonantem.

269 1353 403 1418 urit
448 1355 617 1419 enim
660 1354 779 1419 lini
825 1377 1123 1438 campum
1170 1375 1381 1440 segeS,
1426 1355 1558 1419 urit
1604 1377 1868 1442 avenae,

268 1446 465 1506 urunt
508 1442 792 1508 Lethaeo
839 1443 1097 1527 perfusa
1139 1465 1460 1526 papavera
1505 1465 1748 1509 somno.

270 1530 382 1594 sed
427 1535 645 1595 tamen
691 1530 955 1595 alternis
1000 1530 1210 1595 facilis
1255 1531 1466 1616 labor3
1488 1532 1691 1596 ‘arida
1735 1537 1989 1597 tantum

267 1640 348 1682 ne
398 1623 686 1683 saturare
731 1619 884 1683 fimo
929 1618 1159 1703 pingui
1202 1619 1441 1703 pudeat
1488 1620 1626 1684 sola
1669 1642 1828 1685 neve

270 1705 493 1772 effetos
541 1706 819 1771 cinerem
862 1706 1264 1770 immundum
1308 1707 1547 1772 iactare
1592 1729 1707 1791 per
1753 1730 1960 1793 agros,

271 1793 365 1858 sic
412 1815 666 1878 quoque
712 1794 979 1858 mutatis
1025 1794 1436 1877 requiescunt
1480 1794 1718 1859 fetibus
1766 1818 1942 1880 arva,

268 1903 388 1946 nec
433 1881 613 1945 nulla
654 1881 901 1945 interea
948 1886 1046 1945 est
1089 1882 1377 1946 inaratae
1426 1882 1637 1968 gratia
1682 1888 1906 1948 terrae.

271 1991 461 2053 saepe
508 1970 705 2034 etiam
752 1970 1001 2035 steriles
1044 1970 1380 2035 incendere
1425 1971 1671 2054 profuit
1716 1994 1908 2058 agros

272 2061 463 2141 atque
510 2058 717 2123 levem
762 2058 1068 2142 stipulam
1113 2059 1576 2143 crepitantibus
1622 2081 1805 2125 urere
1849 2061 2151 2126 flammis:

272 2145 404 2209 sive
448 2145 596 2211 inde
644 2146 948 2214 occultas,
974 2146 1141 2210 vires
1190 2152 1255 2211 et
1298 2146 1538 2230 pabula
1582 2152 1790 2213 terrae

266 2233 535 2320 pinguia
582 2235 984 2319 concipiunt,
1030 2234 1163 2299 sive
1207 2234 1340 2298 illis
1389 2257 1575 2300 omne
1619 2258 1735 2319 per
1778 2235 1996 2321 ignem

269 2322 649 2406 excoquitur
683 2322 915 2387 vitium
963 2327 1155 2405 atque
1202 2323 1472 2387 exsudat
1515 2324 1766 2388 inutilis
1811 2346 2022 2409 umor,

269 2431 383 2474 seu
427 2410 643 2494 plures
690 2409 865 2475 calor
908 2410 1017 2473 ille
1063 2409 1199 2474 vias
1248 2415 1313 2475 et
1360 2424 1547 2475 caeca
1589 2412 1837 2476 relaxat

268 2497 686 2582 spiramenta,
730 2519 930 2561 novas
977 2497 1199 2561 veniat
1244 2520 1372 2582 qua
1417 2521 1606 2563 sucus
1651 2499 1722 2562 in
1763 2498 2023 2583 herbas,

270 2606 384 2650 seu
430 2585 617 2649 durat
661 2584 870 2670 magis
916 2589 982 2649 et
1026 2607 1219 2650 venas
1266 2586 1612 2671 adstringit
1655 2586 1940 2671 hiantes,

266 2694 349 2737 ne
396 2676 620 2737 tenues
664 2672 920 2757 pluviae
965 2672 1250 2756 rapidive
1294 2675 1588 2758 potentia
1633 2674 1789 2739 solis

269 2760 479 2825 acrior
527 2766 639 2825 aut
684 2760 929 2826 Boreae
974 2762 1372 2845 penetrabile
1416 2762 1624 2847 frigus
1673 2763 1915 2827 adurat.

354 2847 636 2912 Multum
681 2850 865 2932 ade0,
909 2848 1136 2913 rastris
1186 2849 1447 2935 glaebas
1495 2850 1606 2934 qui
1649 2850 1894 2935 frangit
1937 2849 2176 2914 inertes

267 2936 704 3089 {iminecasque
749 2937 951 3088 {pabit
998 2941 1232 3021 crateS,
1275 2937 1456 3003 iuvat
1481 2960 1702 3090 tazvaegl
1725 2958 1931 3020 neque
1975 2936 2160 3002 illum

316 3046 435 3087 ava
534 3046 670 3088 eres
718 3046 756 3087 a
813 3046 850 3088 o
893 3025 1284 3108 nequiquam
1330 3048 1479 3109 spec
1512 3049 1549 3089 a
1705 3047 1926 3110 ymp03

269 3116 335 3175 et
380 3112 519 3197 qui,
562 3112 887 3196 proscisso
935 3134 1096 3197 quae
1144 3112 1415 3177 suscitat
1463 3135 1736 3197 aequore
1781 3118 1991 3198 terga,

267 3222 489 3264 rursus
534 3200 605 3263 in
654 3199 987 3283 obliquum
1031 3222 1215 3264 verso
1260 3202 1618 3285 perrumpit
1665 3206 1907 3285 aratro,

269 3292 646 3371 exercetque
692 3287 989 3371 frequens
1036 3288 1329 3352 tellurem
1379 3293 1569 3374 atque
1614 3288 1890 3373 imperat
1936 3288 2122 3353 arvis.

356 3372 591 3440 Umida
638 3375 918 3440 solstitia
963 3380 1154 3461 atque
1199 3375 1443 3441 hiemes
1493 3381 1670 3441 orate
1719 3398 2000 3461 serenae,

268 3462 617 3549 agricolae3
660 3463 929 3529 hiberno
975 3463 1329 3528 laetissima
1373 3464 1633 3548 pulvere
1679 3465 1878 3549 farra,

265 3549 483 3615 laetus
532 3572 707 3637 ager:
752 3552 929 3616 nullo
977 3556 1229 3616 tantum
1276 3574 1344 3616 se
1390 3551 1598 3636 Mysia
1641 3554 1822 3617 cultu

2186 247 2269 312 31

2309 757 2374 808 70

2308 1197 2374 1245 ‘15

2303 1636 2370 1685 80

2303 2075 2370 2124 85

2304 2516 2370 2564 90

2302 2953 2370 3002 95

2271 3393 2369 3441 100
