2673 3925
360 269 445 334 86
507 316 510 319 ,
1064 269 1123 321 Ρ.
1138 265 1433 321 vanem
1466 265 1795 321 moins

355 413 466 477 sed
512 418 585 477 tu
631 412 846 476 desine
894 411 1071 476 velle.
1144 411 1334 475 deum
1377 414 1720 495 praecepta
1765 410 1968 475 secuti

353 500 641 565 venimus
687 499 838 564 hinc
881 499 1081 584 lapsis
1130 499 1492 583 quaesitum
1537 498 1798 563 oracula
1841 498 2073 563 rebus.'
2130 550 2133 555 ,

353 593 609 652 tantum
654 588 900 652 effatus.
973 589 1053 652 ad
1095 586 1254 651 haec
1297 592 1477 651 vates
1522 587 1587 651 vi
1633 587 1902 670 denique
1948 587 2155 650 multa
2358 603 2463 652 450

354 677 648 741 ardentes
696 676 915 740 oculos
960 675 1224 739 intorsit
1266 674 1508 739 lumine
1556 673 1785 760 glauco

352 769 419 828 et
543 765 745 829 aviter
789 764 1084 828 frendens
1131 763 1223 827 sic
1265 762 1422 827 fatis
1471 784 1583 827 ora
1625 761 1908 827 resolvit.

442 852 459 880 ‘
539 873 625 916 on
667 856 732 916 te
776 851 1017 916 nullius
1064 856 1361 916 exercent
1403 851 1686 915 numinis
1730 851 1892 935 irae;

352 962 589 1025 magna
631 940 758 1004 luis
805 939 1172 1004 601111111666·
1218 939 1342 1003 tibi
1385 938 1504 1003 has
1551 938 1936 1003 miserabilis
1983 937 2276 1022 Orpheus

348 1028 523 1093 haud
569 1050 889 1112 quaquam
932 1028 1256 1092 immerito
1300 1027 1683 1112 Ρο61166,111
1727 1026 1866 1091 fata
1909 1027 2245 1110 resistant,
2360 1042 2463 1091 455

352 1116 625 1180 suscitat
669 1120 734 1179 et
777 1120 966 1200 rapta
1011 1115 1292 1200 graviter
1333 1137 1454 1199 pro
1501 1115 1773 1201 coniuge
1820 1115 2042 1179 saevit.

349 1203 465 1267 illa
511 1203 794 1288 quidem,
839 1204 990 1267 dum
1035 1208 1100 1267 te
1145 1202 1401 1288 fugeret
1442 1225 1558 1287 per
1600 1202 1867 1267 flumina
1909 1224 2244 1288 praecepS,

349 1292 697 1356 immanem
745 1295 892 1355 ante
937 1291 1130 1375 pedes
1174 1291 1451 1374 hydrum
1496 1291 1811 1355 moritura
1852 1291 2070 1375 puella

352 1383 712 1444 servantem
758 1379 931 1464 ripas
979 1379 1111 1443 alta
1153 1400 1287 1443 non
1330 1378 1492 1442 vidit
1535 1379 1606 1442 in
1647 1379 1864 1443 herba.

352 1473 420 1532 at
468 1467 700 1532 chorus
749 1466 1029 1549 aequalis
1075 1466 1408 1549 Dryadum
1454 1464 1731 1530 clamore
1777 1488 2111 1550 supremos
2359 1483 2462 1532 460

349 1554 701 1639 implerunt
744 1558 1023 1639 montes3
1067 1554 1304 1617 flerunt
1347 1553 1760 1638 Rhodopeiae
1807 1576 1985 1619 arces

352 1642 608 1726 altaque
652 1641 955 1727 Pangaea
997 1646 1062 1706 et
1106 1640 1308 1706 Rhesi
1352 1640 1672 1706 Mavortia
1717 1642 1909 1707 tellus

352 1736 545 1814 atque
594 1728 793 1795 Getae
839 1734 1032 1813 atque
1077 1728 1334 1793 Hebrus
1383 1735 1448 1794 61
1493 1729 1716 1794 Α61166
1764 1729 2074 1814 Orithyia.

349 1819 488 1903 ipse
535 1841 691 1883 cava
735 1818 951 1882 solans
999 1839 1263 1902 aegrum
1310 1818 1640 1882 testudine
1688 1840 1972 1883 amorem

351 1912 445 1992 te,
494 1906 698 1971 dulcis
744 1905 1047 1991 coniunx,
1091 1911 1156 1970 te
1202 1905 1342 1971 solo
1388 1906 1458 1970 in
1500 1906 1690 1972 litore
1736 1928 1980 1992 66611111,
2361 1924 2462 1973 465

351 2001 426 2059 16·
461 1995 756 2060 veniente
802 1994 930 2078 die,
973 1999 1040 2059 te
1084 1995 1426 2059 decedente
1473 1996 1759 2059 canebat.

351 2083 696 2147 Taenarias
744 2082 938 2147 etiam
983 2082 1226 2167 fauces,
1273 2083 1406 2147 alta
1452 2083 1620 2147 ostia
1664 2083 1865 2168 Ditis,

353 2175 418 2235 et
462 2170 850 2255 caligantem
892 2169 1081 2255 nigra
1124 2169 1465 2234 formidine
1509 2170 1727 2235 lucum

353 2259 683 2343 ingressus
730 2278 1075 2340 manesque
1122 2257 1280 2321 adiit
1323 2279 1667 2343 regemque
1712 2260 2113 2324 tremendum

351 2346 692 2429 nesciaque
736 2345 1035 2410 humanis
1078 2345 1377 2429 precibus
1421 2367 1864 2411 mansuescere
1909 2348 2118 2412 corda.
2359 2364 2464 2412 470

353 2440 421 2499 at
468 2438 664 2499 cantu
710 2438 1067 2498 commotae
1113 2433 1313 2498 Erebi
1359 2434 1434 2498 de
1481 2435 1739 2500 sedibus
1783 2434 1933 2499 111116

351 2522 617 2586 umbrae
661 2521 845 2586 ibant
889 2525 1113 2585 tenues
1160 2521 1627 2606 simulacraque
1671 2521 1812 2587 luce
1859 2528 2216 2608 carentum,

353 2632 544 2695 quam
590 2609 796 2673 multa
837 2610 908 2672 in
950 2609 1125 2673 foliis
1173 2610 1387 2674 avium
1433 2632 1499 2675 se
1545 2610 1726 2675 milia
1769 2611 2077 2697 condunt,

353 2720 578 2783 vesper
621 2697 735 2761 ubi
780 2701 893 2761 aut
937 2697 1244 2762 hibernus
1292 2698 1432 2783 agit
1476 2699 1552 2762 de
1598 2699 1928 2763 montibus
1973 2699 2209 2785 imber,

353 2791 591 2850 matres
638 2790 830 2869 atque
875 2785 997 2850 viri
1042 2785 1466 2868 defunctaque
1513 2807 1783 2871 corpora
1825 2787 1962 2851 vita
2359 2805 2464 2853 475

353 2874 834 2975 magnanimum
880 2873 1177 2958 heroum,
1219 2873 1405 2957 pueri
1448 2873 1883 2959 innuptaeque
1929 2875 2207 2961 puellae,

352 2962 768 3062 impositique
811 2961 989 3046 rogis
1033 2961 1294 3025 iuvenes
1341 2965 1489 3025 ante
1538 2983 1651 3026 ora
1691 2967 2060 3048 parentum,

356 3071 515 3134 quos
562 3050 802 3114 circum
845 3049 1038 3113 limus
1081 3048 1267 3133 niger
1312 3053 1379 3112 et
1426 3049 1729 3114 deformis
1774 3050 2065 3115 harundo

354 3136 584 3223 Cocyti
627 3138 934 3238 tardaque
977 3136 1163 3221 palus
1206 3136 1574 3201 inamabilis
1619 3139 1790 3202 unda

356 3226 581 3326 alligat
628 3229 692 3290 et
735 3225 1001 3289 noviens
1050 3223 1211 3309 Styx
1253 3224 1569 3290 interfusa
1614 3231 1880 3292 coercet.
2361 3244 2467 3293 480

356 3314 510 3398 quin
552 3314 731 3398 ipsae
778 3318 1077 3398 stupuere
1124 3312 1351 3376 domus
1400 3317 1590 3397 atque
1634 3315 1868 3379 intima
1910 3314 2058 3379 Leti

354 3402 626 3466 Tartara
673 3401 1121 3484 caeruleosque
1164 3400 1479 3484 implexae
1527 3402 1811 3466 crinibus
1858 3423 2100 3488 angues

354 3490 768 3573 Eumenides,
813 3488 1144 3572 tenuitque
1188 3488 1445 3552 inhians
1490 3489 1618 3553 1116
1663 3487 1976 3554 Cerberus
2025 3512 2164 3575 ora,

357 3583 548 3661 atque
593 3576 830 3641 Ixionii
875 3581 1067 3640 vento
1113 3580 1259 3640 rota
1304 3576 1598 3640 constitit
1645 3577 1835 3640 orbis.

1333 3825 1398 3849 ΑΔ
1477 3825 1535 3849 μ

1259 3873 1293 3897 Δ
